fiscalDateEnding,totalRevenue,netIncome,reportedDate,reportedEPS,estimatedEPS,commonStockSharesOutstanding,operatingCashflow,capitalExpenditures,eps_computed_simple,freeCashFlow
2005-10-31,105000000,25000000,2005-11-14,0.38,0.37,483000000,419000000,1000000,0.051759834368530024,418000000
2006-01-31,1336000000,2816000000,2006-02-13,0.32,0.3,483000000,-128000000,50000000,5.830227743271221,-178000000
2006-04-30,1431000000,115000000,2006-05-15,0.4,0.37,442000000,296000000,55000000,0.26018099547511314,241000000
2006-07-31,1453000000,227000000,2006-08-14,0.46,0.42,422000000,65000000,60000000,0.5379146919431279,5000000
2006-10-31,753000000,149000000,2006-11-14,0.52,0.54,418000000,401000000,20000000,0.35645933014354064,381000000
2007-01-31,1280000000,150000000,2007-02-15,0.39,0.39,418000000,93000000,37000000,0.3588516746411483,56000000
2007-04-30,1320000000,123000000,2007-05-14,0.43,0.44,413000000,302000000,42000000,0.29782082324455206,260000000
2007-07-31,1374000000,185000000,2007-08-14,0.48,0.49,407000000,176000000,36000000,0.45454545454545453,140000000
2007-10-31,1446000000,180000000,2007-11-15,0.53,0.52,382000000,398000000,39000000,0.4712041884816754,359000000
2008-01-31,1393000000,120000000,2008-02-13,0.42,0.41,382000000,4000000,34000000,0.31413612565445026,-30000000
2008-04-30,1456000000,173000000,2008-05-14,0.51,0.48,370000000,325000000,37000000,0.46756756756756757,288000000
2008-07-31,1444000000,169000000,2008-08-14,0.53,0.54,372000000,169000000,39000000,0.4543010752688172,130000000
2008-10-31,1481000000,231000000,2008-11-14,0.62,0.59,352000000,258000000,44000000,0.65625,214000000
2009-01-31,1166000000,64000000,2009-02-17,0.2,0.28,352000000,17000000,34000000,0.18181818181818182,-17000000
2009-04-30,1091000000,-101000000,2009-05-14,0.13,0.13,344000000,137000000,34000000,-0.2936046511627907,103000000
2009-07-31,1057000000,-19000000,2009-08-17,0.15,0.11,345000000,41000000,30000000,-0.05507246376811594,11000000
2009-10-31,1167000000,25000000,2009-11-13,0.32,0.23,354000000,213000000,30000000,0.07062146892655367,183000000
2010-01-31,1213000000,79000000,2010-02-12,0.38,0.32,354000000,30000000,25000000,0.2231638418079096,5000000
2010-04-30,1271000000,108000000,2010-05-17,0.43,0.41,354000000,224000000,29000000,0.3050847457627119,195000000
2010-07-31,1384000000,205000000,2010-08-16,0.54,0.48,352000000,90000000,33000000,0.5823863636363636,57000000
2010-10-31,1576000000,292000000,2010-11-12,0.65,0.6,355000000,373000000,34000000,0.8225352112676056,339000000
2011-01-31,1519000000,193000000,2011-02-14,0.6,0.57,355000000,120000000,38000000,0.543661971830986,82000000
2011-04-30,1677000000,200000000,2011-05-13,0.74,0.65,355000000,378000000,51000000,0.5633802816901409,327000000
2011-07-31,1691000000,330000000,2011-08-15,0.77,0.73,357000000,252000000,49000000,0.9243697478991597,203000000
2011-10-31,1728000000,289000000,2011-11-15,0.84,0.81,352000000,510000000,50000000,0.8210227272727273,460000000
2012-01-31,1635000000,230000000,2012-02-15,0.69,0.69,352000000,150000000,46000000,0.6534090909090909,104000000
2012-04-30,1733000000,255000000,2012-05-14,0.78,0.73,354000000,353000000,37000000,0.7203389830508474,316000000
2012-07-31,1723000000,243000000,2012-08-15,0.79,0.83,353000000,240000000,49000000,0.6883852691218131,191000000
2012-10-31,1767000000,425000000,2012-11-19,0.86,0.8,353000000,485000000,61000000,1.2039660056657224,424000000
2013-01-31,1680000000,179000000,2013-02-14,0.63,0.67,352000000,245000000,59000000,0.5085227272727273,186000000
2013-04-30,1732000000,166000000,2013-05-14,0.77,0.67,349000000,315000000,51000000,0.47564469914040114,264000000
2013-07-31,1652000000,168000000,2013-08-14,0.68,0.62,343000000,215000000,53000000,0.4897959183673469,162000000
2013-10-31,1718000000,211000000,2013-11-14,0.81,0.76,336000000,377000000,32000000,0.6279761904761905,345000000
2014-01-31,1008000000,195000000,2014-02-13,0.67,0.66,338000000,194000000,45000000,0.5769230769230769,149000000
2014-04-30,988000000,139000000,2014-05-14,0.72,0.73,337000000,325000000,53000000,0.4124629080118694,272000000
2014-07-31,1009000000,147000000,2014-08-14,0.78,0.74,338000000,28000000,64000000,0.4349112426035503,-36000000
2014-10-31,1043000000,68000000,2014-11-17,0.88,0.89,338000000,166000000,45000000,0.20118343195266272,121000000
2015-01-31,1026000000,63000000,2015-02-17,0.41,0.41,338000000,-20000000,32000000,0.1863905325443787,-52000000
2015-04-30,963000000,87000000,2015-05-18,0.38,0.39,337000000,183000000,20000000,0.258160237388724,163000000
2015-07-31,1014000000,111000000,2015-08-17,0.44,0.41,334000000,108000000,19000000,0.3323353293413174,89000000
2015-10-31,1035000000,140000000,2015-11-16,0.5,0.47,333000000,237000000,27000000,0.42042042042042044,210000000
2016-01-31,1028000000,121000000,2016-02-16,0.46,0.43,332000000,111000000,38000000,0.3644578313253012,73000000
2016-04-30,1019000000,91000000,2016-05-16,0.44,0.39,328000000,254000000,25000000,0.2774390243902439,229000000
2016-07-31,1044000000,124000000,2016-08-17,0.49,0.47,328000000,194000000,24000000,0.3780487804878049,170000000
2016-10-31,1111000000,124000000,2016-11-15,0.59,0.52,328000000,234000000,52000000,0.3780487804878049,182000000
2017-01-31,1067000000,168000000,2017-02-14,0.53,0.49,326000000,116000000,32000000,0.5153374233128835,84000000
2017-04-30,1102000000,164000000,2017-05-22,0.58,0.48,325000000,257000000,43000000,0.5046153846153846,214000000
2017-07-31,1114000000,175000000,2017-08-15,0.59,0.52,326000000,228000000,43000000,0.5368098159509203,185000000
2017-10-31,1189000000,177000000,2017-11-20,0.67,0.62,323000000,288000000,58000000,0.5479876160990712,230000000
2018-01-31,1211000000,-320000000,2018-02-14,0.66,0.58,323000000,215000000,60000000,-0.9907120743034056,155000000
2018-04-30,1206000000,205000000,2018-05-14,0.65,0.64,326000000,303000000,48000000,0.6288343558282209,255000000
2018-07-31,1203000000,236000000,2018-08-14,0.67,0.63,324000000,197000000,33000000,0.7283950617283951,164000000
2018-10-31,1294000000,195000000,2018-11-19,0.81,0.74,322000000,372000000,36000000,0.6055900621118012,336000000
2019-01-31,1284000000,504000000,2019-02-20,0.76,0.73,322000000,213000000,39000000,1.565217391304348,174000000
2019-04-30,1238000000,182000000,2019-05-14,0.71,0.72,321000000,252000000,39000000,0.5669781931464174,213000000
2019-07-31,1274000000,191000000,2019-08-14,0.76,0.72,316000000,242000000,48000000,0.6044303797468354,194000000
2019-10-31,1367000000,194000000,2019-11-25,0.89,0.85,313000000,314000000,30000000,0.6198083067092651,284000000
2020-01-31,1357000000,197000000,2020-02-18,0.81,0.81,313000000,-59000000,34000000,0.6293929712460063,-93000000
2020-04-30,1238000000,101000000,2020-05-21,0.71,0.61,312000000,313000000,33000000,0.32371794871794873,280000000
2020-07-31,1261000000,199000000,2020-08-18,0.78,0.66,312000000,290000000,25000000,0.6378205128205128,265000000
2020-10-31,1483000000,222000000,2020-11-23,0.98,0.93,311000000,377000000,27000000,0.7138263665594855,350000000
2021-01-31,1548000000,288000000,2021-02-16,1.06,0.89,309000000,238000000,41000000,0.9320388349514563,197000000
2021-04-30,1525000000,216000000,2021-05-25,0.97,0.83,307000000,472000000,31000000,0.7035830618892508,441000000
2021-07-31,1586000000,264000000,2021-08-17,1.1,0.99,306000000,334000000,55000000,0.8627450980392157,279000000
2021-10-31,1660000000,442000000,2021-11-22,1.21,1.17,305000000,441000000,62000000,1.4491803278688524,379000000
2022-01-31,1674000000,283000000,2022-02-22,1.21,1.18,303000000,255000000,75000000,0.933993399339934,180000000
2022-04-30,1607000000,274000000,2022-05-24,1.13,1.12,301000000,283000000,64000000,0.9102990033222591,219000000
2022-07-31,1718000000,329000000,2022-08-16,1.34,1.2,299000000,326000000,82000000,1.100334448160535,244000000
2022-10-31,1849000000,368000000,2022-11-21,1.53,1.39,298000000,448000000,70000000,1.2348993288590604,378000000
2023-01-31,1756000000,352000000,2023-02-28,1.37,1.3,296000000,296000000,76000000,1.1891891891891893,220000000
2023-04-30,1717000000,302000000,2023-05-23,1.27,1.26,297000000,398000000,57000000,1.0168350168350169,341000000
2023-07-31,1672000000,111000000,2023-08-15,1.43,1.36,295000000,562000000,81000000,0.376271186440678,481000000
2023-10-31,1688000000,475000000,2023-11-20,1.38,1.34,293000000,516000000,84000000,1.621160409556314,432000000
2024-01-31,1658000000,348000000,2024-02-27,1.29,1.22,294000000,485000000,90000000,1.183673469387755,395000000
2024-04-30,1573000000,308000000,2024-05-29,1.22,1.19,293000000,333000000,103000000,1.0511945392491469,230000000
2024-07-31,1578000000,282000000,2024-08-21,1.32,1.26,291000000,452000000,92000000,0.9690721649484536,360000000
2024-10-31,1701000000,351000000,2024-11-25,1.46,1.41,291000000,481000000,93000000,1.2061855670103092,388000000
2025-01-31,1681000000,318000000,2025-02-26,1.31,1.27,287000000,431000000,97000000,1.10801393728223,334000000
2025-04-30,1668000000,215000000,2025-05-28,1.31,1.26,285000000,221000000,114000000,0.7543859649122807,107000000
2025-07-31,1738000000,336000000,2025-08-27,1.37,1.37,285000000,362000000,103000000,1.1789473684210525,259000000
2025-10-31,1861000000,434000000,2025-11-24,1.59,1.58,284000000,545000000,93000000,1.528169014084507,452000000
