fiscalDateEnding,totalRevenue,netIncome,reportedDate,reportedEPS,estimatedEPS,commonStockSharesOutstanding,operatingCashflow,capitalExpenditures,eps_computed_simple,freeCashFlow
2005-09-30,3678000000,430000000,2005-10-11,0.01,0.01,24477796000,752000000,96000000,0.017566941075904056,656000000
2005-12-31,5749000000,565000000,2006-01-18,0.02,0.02,24477796000,283000000,82000000,0.023082143506711145,201000000
2006-03-31,4359000000,410000000,2006-04-19,0.02,0.02,24599036000,-125000000,193000000,0.01666731980879251,-318000000
2006-06-30,4370000000,472000000,2006-07-19,0.02,0.02,24538304000,1007000000,237000000,0.019235233209271514,770000000
2006-09-30,4370000000,542000000,2006-10-18,0.02,0.02,24538304000,1055000000,145000000,0.022087916100477032,910000000
2006-12-31,7115000000,1004000000,2007-01-17,0.04,0.03,24732316000,1813000000,257000000,0.040594661656433634,1556000000
2007-03-31,5264000000,770000000,2007-04-25,0.03,0.02,24826284000,734000000,206000000,0.031015515652684872,528000000
2007-06-30,5410000000,818000000,2007-07-25,0.03,0.03,24938788000,1227000000,289000000,0.032800310905245274,938000000
2007-09-30,6217000000,904000000,2007-10-22,0.04,0.03,25201512000,1696000000,234000000,0.0358708636211986,1462000000
2007-12-31,9608000000,1581000000,2008-01-22,0.06,0.06,25201512000,2787000000,232000000,0.06273433117822455,2555000000
2008-03-31,7512000000,1045000000,2008-04-23,0.0425,0.0375,25181212000,1193000000,215000000,0.041499193922834215,978000000
2008-06-30,7464000000,1072000000,2008-07-21,0.0425,0.0375,25288676000,1321000000,330000000,0.04239051502735849,991000000
2008-09-30,7895000000,1136000000,2008-10-21,0.045,0.04,25241832000,4295000000,422000000,0.045004657348167124,3873000000
2008-12-31,11880000000,2255000000,2009-01-21,0.0625,0.05,25241832000,3938000000,353000000,0.08933582950714512,3585000000
2009-03-31,9084000000,1620000000,2009-04-22,0.0475,0.04,25283804000,841000000,116000000,0.06407263717121048,725000000
2009-06-30,9734000000,1828000000,2009-07-21,0.0475,0.0425,25456480000,2270000000,272000000,0.07180882824333921,1998000000
2009-09-30,9870000000,1665000000,2009-10-19,0.065,0.05,25602472000,3110000000,472000000,0.06503278277191359,2638000000
2009-12-31,15683000000,3378000000,2010-01-25,0.13,0.075,25753924000,5781000000,381000000,0.13116447808108775,5400000000
2010-03-31,13499000000,3074000000,2010-04-20,0.12,0.0875,25840584000,2330000000,301000000,0.11896015972394432,2029000000
2010-06-30,15700000000,3253000000,2010-07-20,0.125,0.11,25966108000,4801000000,626000000,0.12527869020647991,4175000000
2010-09-30,20343000000,4308000000,2010-10-18,0.165,0.145,26128312000,5683000000,813000000,0.16487861902445133,4870000000
2010-12-31,26741000000,6004000000,2011-01-18,0.23,0.1925,26128312000,9773000000,1263000000,0.22978905028384536,8510000000
2011-03-31,24667000000,5987000000,2011-04-20,0.2275,0.1925,26206432000,6219000000,656000000,0.22845536546142564,5563000000
2011-06-30,28571000000,7308000000,2011-07-19,0.2775,0.2075,26258680000,11108000000,962000000,0.27830797283031744,10146000000
2011-09-30,28270000000,6623000000,2011-10-18,0.2525,0.265,26306476000,10429000000,4571000000,0.251763101982949,5858000000
2011-12-31,46333000000,13064000000,2012-01-24,0.495,0.3625,26364016000,17554000000,1429000000,0.4955238989386139,16125000000
2012-03-31,39186000000,11622000000,2012-04-24,0.44,0.3575,26457004000,13977000000,1509000000,0.4392787633853024,12468000000
2012-06-30,35023000000,8824000000,2012-07-24,0.3325,0.37,26517652000,10189000000,2963000000,0.3327594765931765,7226000000
2012-09-30,37472000000,7512000000,2012-10-25,0.31,0.3125,26549208000,9136000000,3501000000,0.2829462935391519,5635000000
2012-12-31,54512000000,13078000000,2013-01-23,0.4925,0.48,26522076000,23426000000,2455000000,0.49309865487151155,20971000000
2013-03-31,43603000000,9547000000,2013-04-23,0.36,0.3575,26488980000,12504000000,2299000000,0.36041402877725,10205000000
2013-06-30,35323000000,6900000000,2013-07-23,0.2675,0.2625,25879420000,7828000000,2016000000,0.26662112211170114,5812000000
2013-09-30,37472000000,7512000000,2013-10-28,0.295,0.285,25455668000,9908000000,2306000000,0.2951012717482016,7602000000
2013-12-31,57594000000,13072000000,2014-01-27,0.5175,0.5025,25240656000,22670000000,2044000000,0.5178946220732139,20626000000
2014-03-31,45646000000,10223000000,2014-04-23,0.415,0.365,24626784000,13538000000,1486000000,0.4151171342551265,12052000000
2014-06-30,37432000000,7748000000,2014-07-22,0.32,0.3075,24206844000,10255000000,2431000000,0.3200747689372477,7824000000
2014-09-30,42123000000,8467000000,2014-10-20,0.355,0.3275,23888328000,13250000000,3852000000,0.3544408800816868,9398000000
2014-12-31,74599000000,18024000000,2015-01-27,0.765,0.65,23527212000,33722000000,3265000000,0.766091621905732,30457000000
2015-03-31,58010000000,13569000000,2015-04-27,0.5825,0.54,23339432000,19081000000,2476000000,0.5813766161918593,16605000000
2015-06-30,49605000000,10677000000,2015-07-21,0.4625,0.4525,23092396000,14988000000,2089000000,0.4623599907086298,12899000000
2015-09-30,51501000000,11124000000,2015-10-27,0.49,0.47,22730076000,13475000000,3658000000,0.4893956359846751,9817000000
2015-12-31,75872000000,18361000000,2016-01-26,0.82,0.8075,22376508000,27463000000,4006000000,0.8205480497671933,23457000000
2016-03-31,50557000000,10516000000,2016-04-26,0.475,0.5,22163544000,11601000000,2599000000,0.4744728550632516,9002000000
2016-06-30,42358000000,7796000000,2016-07-26,0.355,0.345,21891124000,10634000000,2905000000,0.3561260719184634,7729000000
2016-09-30,46852000000,9014000000,2016-10-25,0.4175,0.415,21573332000,16126000000,4038000000,0.4178306809536886,12088000000
2016-12-31,78351000000,17891000000,2017-01-31,0.84,0.8025,21311980000,27234000000,3420000000,0.8394808929062434,23814000000
2017-03-31,52896000000,11029000000,2017-05-02,0.525,0.505,21046752000,12570000000,3015000000,0.524023849380655,9555000000
2017-06-30,45408000000,8717000000,2017-08-01,0.4175,0.3925,20933996000,8672000000,2360000000,0.4164040157454888,6312000000
2017-09-30,52579000000,10714000000,2017-11-02,0.5175,0.4675,20734340000,15656000000,4000000000,0.5167273228856091,11656000000
2017-12-31,88293000000,20065000000,2018-02-01,0.9725,0.965,20631148000,28293000000,2810000000,0.9725585798715612,25483000000
2018-03-31,61137000000,13822000000,2018-05-01,0.6825,0.6725,20273972000,15130000000,4195000000,0.681760831079376,10935000000
2018-06-30,53265000000,11519000000,2018-07-31,0.585,0.545,19706436000,14488000000,3267000000,0.5845298459853421,11221000000
2018-09-30,64040000000,13686000000,2018-11-01,0.73,0.7,19390188000,19523000000,3041000000,0.7058209028195085,16482000000
2018-12-31,84310000000,19965000000,2019-01-29,1.05,1.04,19093008000,26690000000,3355000000,1.0456707502558005,23335000000
2019-03-31,58015000000,11561000000,2019-04-30,0.62,0.59,18802584000,11155000000,2363000000,0.6148622976501528,8792000000
2019-06-30,53809000000,10044000000,2019-07-30,0.55,0.53,18405520000,11636000000,2000000000,0.5457058534613529,9636000000
2019-09-30,64040000000,13686000000,2019-10-30,0.76,0.71,18081492000,19910000000,2777000000,0.7569065650113387,17133000000
2019-12-31,91819000000,22236000000,2020-01-28,1.25,1.14,17818416000,30516000000,2107000000,1.247922374244714,28409000000
2020-03-31,58313000000,11249000000,2020-04-30,0.64,0.56,17618764000,13311000000,1853000000,0.6384670343504232,11458000000
2020-06-30,59685000000,11253000000,2020-07-30,0.65,0.51,17419152000,16271000000,1565000000,0.6460130780189529,14706000000
2020-09-30,64698000000,12673000000,2020-10-29,0.73,0.7,17256521000,20576000000,1784000000,0.7343890463205185,18792000000
2020-12-31,111439000000,28755000000,2021-01-27,1.68,1.42,17113688000,38763000000,3500000000,1.6802339741147554,35263000000
2021-03-31,89584000000,23630000000,2021-04-28,1.4,0.98,16929157000,23981000000,2269000000,1.3958166966021994,21712000000
2021-06-30,81434000000,21744000000,2021-07-27,1.3,1.01,16781735000,21094000000,2093000000,1.2956943963183782,19001000000
2021-09-30,83360000000,20551000000,2021-10-28,1.24,1.24,16635097000,20200000000,3223000000,1.2354000701047911,16977000000
2021-12-31,123945000000,34630000000,2022-01-27,2.1,1.89,16519291000,46966000000,2803000000,2.0963369432743812,44163000000
2022-03-31,97278000000,25010000000,2022-04-28,1.52,1.43,16519291000,28166000000,2514000000,1.513987494983895,25652000000
2022-06-30,82959000000,19442000000,2022-07-28,1.2,1.15,16262203000,22892000000,2102000000,1.195532979141879,20790000000
2022-09-30,90146000000,20721000000,2022-10-27,1.29,1.27,16118465000,24127000000,3289000000,1.2855442500262897,20838000000
2022-12-31,117154000000,29998000000,2023-02-02,1.88,1.95,15955718000,34005000000,3787000000,1.880078351848535,30218000000
2023-03-31,94836000000,24160000000,2023-05-04,1.52,1.43,15847050000,28560000000,2916000000,1.5245739743359175,25644000000
2023-06-30,81797000000,19881000000,2023-08-03,1.26,1.19,15775021000,26380000000,2093000000,1.260283583774627,24287000000
2023-09-30,89498000000,22956000000,2023-11-02,1.46,1.39,15672400000,21598000000,2163000000,1.4647405630279982,19435000000
2023-12-31,119575000000,33916000000,2024-02-01,2.18,2.11,15576641000,39895000000,2392000000,2.177362885875074,37503000000
2024-03-31,90753000000,23636000000,2024-05-02,1.53,1.5,15464709000,22690000000,1996000000,1.5283831076291186,20694000000
2024-06-30,85777000000,21448000000,2024-08-01,1.4,1.34,15348175000,28858000000,2151000000,1.3974299876043894,26707000000
2024-09-30,94930000000,14736000000,2024-10-31,0.97,0.95,15408095000,26811000000,2908000000,0.9563803961489075,23903000000
2024-12-31,124300000000,36330000000,2025-01-30,2.4,2.34,15150865000,29935000000,2940000000,2.397882893154945,26995000000
2025-03-31,95359000000,24780000000,2025-05-01,1.65,1.62,15056133000,23952000000,3071000000,1.6458409340565734,20881000000
2025-06-30,94036000000,23434000000,2025-07-31,1.57,1.43,14948179000,27867000000,3462000000,1.5676825919732431,24405000000
2025-09-30,102466000000,27466000000,2025-10-30,1.85,1.76,15004697000,29728000000,3242000000,1.830493478142211,26486000000
