fiscalDateEnding,totalRevenue,netIncome,reportedDate,reportedEPS,estimatedEPS,commonStockSharesOutstanding,operatingCashflow,capitalExpenditures,eps_computed_simple,freeCashFlow
2023-12-31,179674000,5445000,2023-12-31,0.0652,,192089929,-9213547,19653449,0.028346098248596886,-28866996
2024-03-31,175067000,-5685000,2024-03-31,-0.068,,250724253,-7932000,21369000,-0.022674312245333523,-29301000
2024-06-30,195614000,8298000,2024-06-30,0.0978,,254579238,-6159000,38301000,0.03259495968795381,-44460000
2024-09-30,188855000,-107965000,2024-09-30,-1.2822,,252608477,72630000,52405000,-0.42740054206494427,20225000
2024-12-31,170846000,-10280000,2024-12-31,-0.0938,,342666667,53351000,82980000,-0.02999999997081712,-29629000
2025-03-31,346407000,15124000,2025-05-07,0.12,,359631968,121130000,103870000,0.04205410348837509,17260000
2025-06-30,251979000,-25410000,2025-08-07,-0.2231,0.31,113917566,21985000,97357000,-0.22305602983125536,-75372000
2025-09-30,305618000,-17917000,2025-11-05,-0.1548,0.39,115771697,180655120,124933444,-0.15476148717073743,55721676
