fiscalDateEnding,totalRevenue,netIncome,reportedDate,reportedEPS,estimatedEPS,commonStockSharesOutstanding,operatingCashflow,capitalExpenditures,eps_computed_simple,freeCashFlow
2005-09-30,798993000,-86291000,2005-10-27,-0.26,-0.21,676205379,419901000,2960000,-0.12761063824663837,416941000
2005-12-31,818297000,100893000,2006-02-13,0.21,0.11,682697781,346527000,3120000,0.14778574474376385,343407000
2006-03-31,840349000,132290000,2006-04-27,0.21,0.2,682697781,423178000,4602000,0.19377534786508996,418576000
2006-06-30,859219000,142887000,2006-07-27,0.25,0.22,685398942,399976000,4077000,0.2084727466649635,395899000
2006-09-30,850349000,192298000,2006-10-26,0.29,0.24,686555190,426832000,353000,0.28009110236279766,426479000
2006-12-31,902761000,245739000,2007-02-12,0.32,0.27,689766174,358970000,4208000,0.3562642084562413,354762000
2007-03-31,859774000,205012000,2007-04-26,0.3,0.25,689766174,403131000,4138000,0.2972195618279188,398993000
2007-06-30,867310000,205855000,2007-07-25,0.31,0.28,677293614,273872000,4860000,0.3039376065931725,269012000
2007-09-30,867163000,206206000,2007-10-25,0.32,0.28,651410460,426583000,3607000,0.3165530992548078,422976000
2007-12-31,858198000,240870000,2008-02-11,0.35,0.31,612174717,332870000,15391000,0.39346610258652676,317479000
2008-03-31,849193000,195883000,2008-04-24,0.33,0.3,612174717,334545000,3045000,0.3199789121640579,331500000
2008-06-30,835915000,198743000,2008-07-24,0.31,0.29,591733071,256263000,1939000,0.3358659668355768,254324000
2008-09-30,746799000,32851000,2008-10-23,0.11,0.08,565478190,382189000,1772000,0.05809419457892797,380417000
2008-12-31,534906000,-136511000,2009-02-17,0.16,0.14,563039721,166101000,2745000,-0.24245358703564718,163356000
2009-03-31,750443000,146330000,2009-04-28,0.3,0.28,563039721,294803000,7647000,0.2598928539892481,287156000
2009-06-30,848744000,158590000,2009-07-23,0.29,0.28,563636853,223742000,3872000,0.28136911054678676,219870000
2009-09-30,976225000,280868000,2009-10-26,0.28,0.27,562804344,290119000,4067000,0.4990508744189793,286052000
2009-12-31,926210000,291157000,2010-02-16,0.3,0.28,499624443,183983000,3897000,0.5827517129701358,180086000
2010-03-31,844887000,216994000,2010-04-26,0.2,0.17,499624443,184623000,1803000,0.4343142194906585,182820000
2010-06-30,776315000,243451000,2010-07-26,0.28,0.25,479387727,205514000,6057000,0.5078373648059622,199457000
2010-09-30,797352000,148031000,2010-10-25,0.28,0.26,460638081,267424000,2251000,0.32136075176120754,265173000
2010-12-31,825513000,234112000,2011-02-14,0.29,0.26,421381548,144513000,1553000,0.5555819924037111,142960000
2011-03-31,775072000,25473000,2011-04-25,0.02,-0.09,421381548,224580000,8082000,0.060451151980674765,216498000
2011-06-30,775568000,96603000,2011-07-25,0.15,0.06,413926797,221967000,4266000,0.23338184601757012,217701000
2011-09-30,855582000,168755000,2011-10-25,0.26,0.21,411422787,309924000,3178000,0.41017416957024305,306746000
2011-12-31,747674000,143272000,2012-02-14,0.31,0.21,413444718,109641000,3461000,0.34653242322955496,106180000
2012-03-31,768423000,164256000,2012-04-25,0.27,0.24,413444718,144821000,6498000,0.39728648800877897,138323000
2012-06-30,866546000,220268000,2012-07-25,0.34,0.27,414635208,252447000,3710000,0.5312332280282382,248737000
2012-09-30,863719000,189656000,2012-11-01,0.29,0.26,416090802,334683000,3686000,0.4558043558963363,330997000
2012-12-31,880924000,19217000,2013-02-11,-0.06,-0.17,414812559,189652000,4638000,0.04632694836030748,185014000
2013-03-31,900582000,256476000,2013-04-29,0.39,0.32,406227864,205659000,3742000,0.6313599403904997,201917000
2013-06-30,854660000,176940000,2013-07-25,0.33,0.28,407547150,182695000,3350000,0.43415835443825335,179345000
2013-09-30,814921000,114825000,2013-10-28,0.37,0.3,408103239,238694000,3861000,0.2813626284402021,234833000
2013-12-31,907958000,161490000,2014-02-11,0.37,0.32,409403994,223820000,6546000,0.3944514522738144,217274000
2014-03-31,936415000,182500000,2014-05-01,0.4,0.35,409688151,198169000,5382000,0.4454607719421204,192787000
2014-06-30,1024126000,208016000,2014-07-31,0.39,0.33,410669832,254894000,4978000,0.5065285633155542,249916000
2014-09-30,1043596000,228675000,2014-10-29,0.35,0.32,407629815,346596000,4215000,0.5609869336962018,342381000
2014-12-31,1048597000,215164000,2015-02-10,0.38,0.34,392565654,237471000,5308000,0.5480968541379323,232163000
2015-03-31,1142956000,283336000,2015-04-28,0.39,0.36,385353162,85461000,32897000,0.735263202537313,52564000
2015-06-30,983902000,115790000,2015-07-29,0.39,0.36,377656260,299738000,10268000,0.30660156407840294,289470000
2015-09-30,949388000,80033000,2015-10-28,0.34,0.32,375035319,422380000,4505000,0.21340123435147718,417875000
2015-12-31,901007000,58579000,2016-02-09,0.38,0.35,375935826,190327000,4835000,0.1558218077358767,185492000
2016-03-31,1056455000,154798000,2016-04-27,0.39,0.37,373489488,322543000,3952000,0.4144641414914467,318591000
2016-06-30,1207077000,211055000,2016-07-27,0.38,0.32,373096788,218681000,4332000,0.5656843124578173,214349000
2016-09-30,1178218000,252872000,2016-10-26,0.38,0.34,374794959,495915000,3281000,0.6746942399510768,492634000
2016-12-31,1009982000,74013000,2017-02-13,0.38,0.32,376281777,359505000,3738000,0.19669568000365853,355767000
2017-03-31,1251684000,253127000,2017-04-25,0.47,0.44,417143016,208118000,5194000,0.6068110702829075,202924000
2017-06-30,1335288000,185167000,2017-07-26,0.4,0.4,417733938,345949000,5909000,0.44326539731612613,340040000
2017-09-30,1420436000,-33656000,2017-10-25,-0.26,-0.2,404656353,527067000,5759000,-0.08317180677007684,521308000
2017-12-31,1361899000,214640000,2018-02-12,0.45,0.37,418735890,31483000,5979000,0.5125904063298706,25504000
2018-03-31,1236165000,150423000,2018-05-01,0.56,0.52,417893802,400180000,4240000,0.35995508734537296,395940000
2018-06-30,1456043000,243646000,2018-07-31,0.59,0.53,413111205,96706000,9002000,0.5897830827416071,87704000
2018-09-30,1398640000,227408000,2018-10-30,0.59,0.52,411721214,624101000,5808000,0.5523349107777575,618293000
2018-12-31,1383481000,136494000,2019-02-12,0.46,0.38,410112097,438335000,10759000,0.3328211993707662,427576000
2019-03-31,1679504000,448528000,2019-04-30,0.67,0.62,408971029,235398000,9423000,1.0967231617768212,225975000
2019-06-30,1741652000,468954000,2019-07-29,0.77,0.67,410899483,477126000,6936000,1.1412864201632495,470190000
2019-09-30,1698654000,392453000,2019-10-29,0.63,0.62,413180201,830615000,11276000,0.9498349607511808,819339000
2019-12-31,1664109000,326384000,2020-02-11,0.74,0.68,414124920,505320000,10202000,0.7881293402966428,495118000
2020-03-31,1614782000,144117000,2020-05-04,0.46,0.44,414033570,610454000,8470000,0.3480804708661667,601984000
2020-06-30,2323525000,298821000,2020-07-29,0.04,-0.23,408119681,711126000,9217000,0.7321896343440492,701909000
2020-09-30,2138948000,419039000,2020-10-29,0.29,0.16,409194657,1009870000,9030000,1.0240578483408693,1000840000
2020-12-31,2225035000,543544000,2021-02-09,0.56,0.38,410281852,555055000,13155000,1.3248063431282358,541900000
2021-03-31,2210551000,438156000,2021-04-27,0.59,0.45,409223253,762845000,12490000,1.0707016201740618,750355000
2021-06-30,2427758000,675486000,2021-07-28,1.0,0.85,406485994,849727000,11095000,1.6617694335613442,838632000
2021-09-30,2036325000,419942000,2021-10-27,0.74,0.36,397903347,1014979000,10822000,1.0553869505400264,1004157000
2021-12-31,2251511000,623265000,2022-02-09,1.27,1.0,388869378,800004000,6987000,1.6027618405067627,793017000
2022-03-31,1942000000,195800000,2022-04-27,1.1,1.06,384194363,552000000,11770000,0.5096378782631956,540230000
2022-06-30,2268000000,404000000,2022-07-27,1.34,1.09,377952988,902405000,12060000,1.06891601026316,890345000
2022-09-30,2491000000,17000000,2022-10-26,0.28,0.17,373727277,1380000000,14553000,0.0454877153641638,1365447000
2022-12-31,2951721000,859688000,2023-02-13,2.14,1.34,365902520,981510000,13289000,2.349500079966653,968221000
2023-03-31,3168000000,715000000,2023-04-26,1.73,1.45,377600000,963000000,11000000,1.8935381355932204,952000000
2023-06-30,3096000000,671000000,2023-07-26,1.92,1.58,378400000,1151000000,15000000,1.7732558139534884,1136000000
2023-09-30,3293000000,723000000,2023-10-30,2.31,1.61,379400000,1970000000,11000000,1.9056404849762782,1959000000
2023-12-31,3787000000,2334000000,2024-02-14,2.49,2.03,379800000,1665000000,15000000,6.145339652448657,1650000000
2024-03-31,3878000000,1120000000,2024-04-29,2.45,2.1,380500000,1564000000,15000000,2.943495400788436,1549000000
2024-06-30,4062000000,1269000000,2024-07-30,2.57,2.21,381600000,1518000000,11000000,3.3254716981132075,1507000000
2024-09-30,4480000000,988000000,2024-10-30,1.99,1.95,382300000,2018000000,12000000,2.5843578341616533,2006000000
2024-12-31,4510000000,935000000,2025-02-10,2.42,1.93,382800000,1573000000,13000000,2.442528735632184,1560000000
2025-03-31,4592000000,574000000,2025-04-29,1.54,1.31,381900000,1458000000,9000000,1.5030112594920135,1449000000
2025-06-30,4973000000,1237000000,2025-07-29,2.58,2.3,379900000,1124000000,12000000,3.2561200315872596,1112000000
2025-09-30,4977000000,1350000000,2025-10-30,2.77,1.69,376100000,2186000000,12000000,3.5894708854028186,2174000000
