fiscalDateEnding,totalRevenue,netIncome,reportedDate,reportedEPS,estimatedEPS,commonStockSharesOutstanding,operatingCashflow,capitalExpenditures,eps_computed_simple,freeCashFlow
2010-09-30,15872000,1566000,2010-11-10,0.3552,,10000057,,0,0.1565991073850879,
2010-12-31,13759000,524000,2011-02-15,0.1189,,17633000,2722000.0,848000,0.029717007882946747,1874000.0
2011-03-31,16846000,-249000,2011-05-11,-0.0978,,17633000,590000.0,784000,-0.01412124992911019,-194000.0
2011-09-30,63058000,3123000,2011-09-30,0.7084,,17633000,3991000.0,3565000,0.17711109850847842,426000.0
2011-12-31,75354000,-15909000,2012-03-07,0.13,0.13,32333000,-28235000.0,631000,-0.49203600037113787,-28866000.0
2012-03-31,91298000,3679000,2012-04-27,0.11,0.11,32333000,4935000.0,3911000,0.11378467819255869,1024000.0
2012-06-30,100530000,5909000,2012-07-31,0.18,0.15,36695000,5611000.0,17594000,0.16103011309442702,-11983000.0
2012-09-30,103116000,6450000,2012-11-06,0.17,0.15,41991000,12789000.0,57637000,0.15360434378795457,-44848000.0
2012-12-31,114252000,4365000,2013-02-20,0.19,0.19,43701000,10563000.0,15498000,0.09988329786503741,-4935000.0
2013-03-31,161213000,3738000,2013-05-01,0.21,0.2,50250000,167000.0,12764000,0.07438805970149254,-12597000.0
2013-06-30,177494000,12197000,2013-07-30,0.26,0.25,50282000,27783000.0,16945000,0.24257189451493577,10838000.0
2013-09-30,184702000,14364000,2013-10-30,0.3,0.28,50343000,16925000.0,20969000,0.28532268637149155,-4044000.0
2013-12-31,189999000,12280000,2014-02-19,0.29,0.29,50411000,20687000.0,18263000,0.2435976275019341,2424000.0
2014-03-31,201418000,13058000,2014-04-29,0.28,0.28,50486000,7346000.0,21649000,0.258645961256586,-14303000.0
2014-06-30,213803000,22451000,2014-07-29,0.32,0.31,51819000,21893000.0,21674000,0.43325807136378547,219000.0
2014-09-30,294479000,25402000,2014-10-29,0.46,0.41,59409000,39807000.0,27357000,0.42757831305021127,12450000.0
2014-12-31,294901000,22129000,2015-02-11,0.46,0.46,59529000,46240000.0,42564000,0.37173478472677185,3676000.0
2015-03-31,365783000,14594000,2015-04-28,0.43,0.41,62894000,18222000.0,52879000,0.2320412121983019,-34657000.0
2015-06-30,453660000,33844000,2015-08-04,0.57,0.52,68735000,72919000.0,69156000,0.492383792827526,3763000.0
2015-09-30,479730000,29550000,2015-11-03,0.62,0.57,71110000,50944000.0,78806000,0.4155533680213753,-27862000.0
2015-12-31,495319000,41557000,2016-02-16,0.59,0.59,71145000,98318000.0,75206000,0.5841169442687469,23112000.0
2016-03-31,616813000,25688000,2016-04-28,0.55,0.54,83420000,58664000.0,90089000,0.30793574682330377,-31425000.0
2016-06-30,756548000,56445000,2016-07-29,0.73,0.73,86876000,124194000.0,87629000,0.6497191399235692,36565000.0
2016-09-30,734665000,-117808000,2016-11-01,0.58,0.61,86618000,76799000.0,72243000,-1.3600868179824055,4556000.0
2016-12-31,702888000,41818000,2017-02-23,0.59,0.55,86890000,101821000.0,57511000,0.4812751755092646,44310000.0
2017-03-31,679194000,34958000,2017-04-25,0.46,0.46,86908000,57014000.0,50549000,0.40224145072950707,6465000.0
2017-06-30,715896000,49630000,2017-07-27,0.66,0.65,87080000,130592000.0,66972000,0.569935691318328,63620000.0
2017-09-30,716714000,45618000,2017-10-24,0.58,0.65,87172000,83745000.0,76296000,0.5233102372321388,7449000.0
2017-12-31,724512000,69629000,2018-02-21,0.61,0.54,87166000,128226000.0,80360000,0.7988091687125715,47866000.0
2018-03-31,742241000,50819000,2018-05-01,0.52,0.48,87294000,72350000.0,70327000,0.5821591403762,2023000.0
2018-06-30,765738000,58836000,2018-07-30,0.7,0.7,87467000,144964000.0,91228000,0.6726651194164657,53736000.0
2018-09-30,760916000,46232000,2018-11-05,0.55,0.64,87537000,68869000.0,88434000,0.5281423855055577,-19565000.0
2018-12-31,743547000,-331637000,2019-02-28,0.47,0.48,87382000,127897000.0,91473000,-3.795255315740084,36424000.0
2019-03-31,760617000,29471000,2019-04-30,0.39,0.35,87694000,43673000.0,69248000,0.3360663215271284,-25575000.0
2019-06-30,789362000,48140000,2019-07-30,0.61,0.58,87837000,85013000.0,69880000,0.5480606122704555,15133000.0
2019-09-30,777251000,42566000,2019-11-05,0.52,0.55,87859000,84843000.0,63594000,0.48448081585267305,21249000.0
2019-12-31,780232000,-11254000,2020-02-27,0.51,0.49,87674000,119375000.0,81960000,-0.12836188607797067,37415000.0
2020-03-31,509217000,33463000,2020-05-04,0.42,0.38,87971000,45546000.0,58427000,0.38038671835036547,-12881000.0
2020-06-30,491475000,41079000,2020-08-04,0.54,0.4,88608000,219396000.0,55824000,0.4636037378114843,163572000.0
2020-09-30,547961000,36998000,2020-10-29,0.68,0.54,88856000,207298000.0,54553000,0.41638156117763575,152745000.0
2020-12-31,541276000,-783672000,2021-02-25,1.13,0.64,89233000,186567000.0,20781000,-8.782311476695842,165786000.0
2021-03-31,551199000,9717000,2021-04-29,0.47,0.45,89941000,76037000.0,58682000,0.10803749124426013,17355000.0
2021-06-30,582156000,44514000,2021-08-02,0.71,0.63,90590000,90477000.0,54271000,0.491378739375207,36206000.0
2021-09-30,587559000,66126000,2021-10-28,0.72,0.72,90889000,110117000.0,43671000,0.7275467878401126,66446000.0
2021-12-31,593480000,70278000,2022-02-28,0.67,0.68,91038000,97846000.0,88187000,0.771963355961247,9659000.0
2022-03-31,616653000,60837000,2022-05-03,0.67,0.64,91012000,76787000.0,50527000,0.6684503142442755,26260000.0
2022-06-30,651719000,80079000,2022-07-27,0.84,0.78,91473000,149202000.0,81917000,0.8754386540290577,67285000.0
2022-09-30,666732000,71099000,2022-10-31,1.64,0.79,91723000,41036000.0,76348000,0.7751490901954798,-35312000.0
2022-12-31,675295000,61124000,2023-02-27,0.7,0.75,91872000,113544000.0,87357000,0.6653169627307558,26187000.0
2023-03-31,704267000,66015000,2023-04-26,0.75,0.71,91391000,44408000.0,66525000,0.722335897407841,-22117000.0
2023-06-30,731337000,72299000,2023-07-27,0.92,0.86,91546000,163770000.0,90834000,0.7897559696764468,72936000.0
2023-09-30,750334000,-217710000,2023-11-02,0.91,0.89,91168000,137858000.0,128050999,-2.3880089505089503,9807001.0
2023-12-31,742800000,57729000,2024-02-27,0.85,0.79,91872000,116304000.0,138723000,0.6283633751306165,-22419000.0
2024-03-31,768051000,76383000,2024-05-01,0.84,0.81,92010000,-321285000.0,142410000,0.8301597652429084,-463695000.0
2024-06-30,796040000,78482000,2024-07-31,0.91,0.87,92043000,171148000.0,154242000,0.8526666883956412,16906000.0
2024-09-30,815634000,68132000,2024-10-30,0.91,0.9,92188000,163129000.0,190239000,0.7390549746170868,-27110000.0
2024-12-31,774238000,32615000,2025-02-25,0.64,0.7146,91986000,116701000.0,203494000,0.3545648250820777,-86793000.0
2025-03-31,770505000,8374000,2025-04-29,0.4,0.357,92038000,11477000.0,174631000,0.09098415871705165,-163154000.0
2025-06-30,869232000,30127000,2025-07-29,0.83,0.7044,90435000,133504000.0,167747000,0.3331342953502516,-34243000.0
2025-09-30,851573000,36246000,2025-11-05,0.72,0.67,90584000,73210000.0,136239000,0.40013688951691245,-63029000.0
