fiscalDateEnding,totalRevenue,netIncome,reportedDate,reportedEPS,estimatedEPS,commonStockSharesOutstanding,operatingCashflow,capitalExpenditures,eps_computed_simple,freeCashFlow
2005-11-30,4543016000,214940000,2006-01-05,0.36,0.34,913640289,368381000,77956000,0.2352567006816837,290425000
2006-02-28,4491112000,69680000,2006-03-28,0.37,0.35,892439424,683674000,71877000,0.07807812847138407,611797000
2006-05-31,4805327000,342264000,2006-06-29,0.5,0.46,886889939,805570000,59333000,0.3859148525079841,746237000
2006-08-31,4388911000,346445000,2006-09-28,0.39,0.39,875332780,810364000,97008000,0.3957866172908548,713356000
2006-11-30,5166359000,284232000,2006-12-20,0.46,0.42,875778847,165828000,67144000,0.3245476880078151,98684000
2007-02-28,5169353000,296722000,2007-03-27,0.45,0.42,867330893,710178000,75900000,0.342109340731162,634278000
2007-05-31,5543684000,345400000,2007-06-28,0.54,0.55,859179215,977518000,82007000,0.40201158730312164,895511000
2007-08-31,5573351000,316794000,2007-09-27,0.5,0.48,839271348,777041000,139320000,0.37746314199207,637721000
2007-11-30,6101957000,381285000,2007-12-19,0.6,0.56,839271348,-31471000,88780000,0.4543047977374774,-120251000
2008-02-29,6057623000,406557000,2008-03-27,0.64,0.56,827974896,723994000,78538000,0.4910257568968613,645456000
2008-05-31,6593201000,469089000,2008-06-26,0.74,0.69,817311345,1080045000,66316000,0.5739416231888963,1013729000
2008-08-31,6561045000,434820000,2008-09-25,0.67,0.66,796948530,1030680000,86734000,0.545606125906274,943946000
2008-11-30,6470608000,479866000,2008-12-18,0.74,0.68,797586038,468132000,71876000,0.6016479440930234,396256000
2009-02-28,5657563000,411436000,2009-03-26,0.63,0.62,787147545,630637000,52613000,0.5226923498821304,578024000
2009-05-31,5537348000,443969000,2009-06-25,0.68,0.64,784047232,1014619000,43645000,0.5662528759491877,970974000
2009-08-31,5505449000,254692000,2009-10-01,0.63,0.63,773696423,1046814000,75321000,0.32918854531139535,971493000
2009-11-30,5747687000,444817000,2009-12-17,0.67,0.65,773696423,219111000,34817000,0.5749244623301044,184294000
2010-02-28,5537823000,399760000,2010-03-25,0.6,0.61,768453497,659981000,44046000,0.5202136519134092,615935000
2010-05-31,5975495000,490597000,2010-06-24,0.73,0.69,766597090,960923000,57750000,0.6399672088502188,903173000
2010-08-31,5833073000,445482000,2010-09-30,0.66,0.64,742961409,1251605000,101602000,0.5996031484321684,1150003000
2010-11-30,6478193000,534714000,2010-12-16,0.81,0.75,742961409,106399000,75483000,0.7197062909629537,30916000
2011-02-28,6496293000,503017000,2011-03-24,0.75,0.71,743505338,601104000,78575000,0.6765479335401893,522529000
2011-05-31,7204355000,628013000,2011-06-23,0.93,0.89,745503329,1352960000,112681000,0.8424013355411858,1240279000
2011-08-31,7174073000,611933000,2011-09-27,0.91,0.89,730114347,1381276000,136975000,0.8381330986227011,1244301000
2011-11-30,7589108000,642086000,2011-12-15,0.96,0.94,730114347,475258000,80875000,0.8794321090090838,394383000
2012-02-29,7259828000,643923000,2012-03-22,0.97,0.86,729036633,857813000,85379000,0.883251911979024,772434000
2012-05-31,7640790000,689219000,2012-06-28,1.03,0.99,728876260,1215590000,90462000,0.9455912310822141,1125128000
2012-08-31,7288259000,578282000,2012-09-27,0.88,0.87,717827179,1708191000,115258000,0.8056005915039336,1592933000
2012-11-30,7668036000,698817000,2012-12-19,1.06,1.05,716368102,-108815000,86547000,0.975499883438417,-195362000
2013-02-28,7493320000,1101802000,2013-03-28,1.0,0.97,715464436,634224000,90241000,1.5399815065021625,543983000
2013-05-31,7707935000,810258000,2013-06-27,1.06,1.13,714984161,1502209000,90576000,1.1332530763573097,1411633000
2013-08-31,7524994000,671000000,2013-09-26,1.01,1.02,706256084,1275510000,102229000,0.9500803110957696,1173281000
2013-11-30,7799696000,751846000,2013-12-19,1.15,1.1,697974850,181233000,58959000,1.0771820789817856,122274000
2014-02-28,7567483000,671300000,2014-03-27,1.03,1.04,693846206,292380000,76167000,0.9675054705134469,216213000
2014-05-31,8240180000,817336000,2014-06-26,1.26,1.21,691038145,1363260000,85287000,1.1827653884432097,1277973000
2014-08-31,8267319000,701016000,2014-09-24,1.08,1.1,688345020,1649212000,101457000,1.0184078908568264,1547755000
2014-11-30,8343257000,831530000,2014-12-18,1.29,1.2,682333149,872900000,51858000,1.2186568998130267,821042000
2015-02-28,7931590000,690726000,2015-03-26,1.08,1.07,679165137,301287000,81568000,1.0170221679090692,219719000
2015-05-31,8275066000,793697000,2015-06-25,1.3,1.23,677825768,1413364000,113554000,1.1709454515751014,1299810000
2015-08-31,8364511000,737628000,2015-09-24,1.15,1.12,675749438,1504586000,148037000,1.0915702751942207,1356549000
2015-11-30,8465984000,818899000,2015-12-17,1.28,1.32,671300744,611305000,94777000,1.2198690487374166,516528000
2016-02-29,8397053000,1326520000,2016-03-24,1.34,1.18,668125087,317346000,148068000,1.9854365983416515,169278000
2016-05-31,8969044000,897247000,2016-06-23,1.41,1.41,666403323,1591025000,93655000,1.3464023497974065,1497370000
2016-08-31,8965580000,1069226000,2016-09-28,1.31,1.3,665365231,2055439000,160066000,1.6069760639476516,1895373000
2016-11-30,9005603000,1004476000,2016-12-21,1.58,1.49,663752830,1083882000,84553000,1.5133283876168182,999329000
2017-02-28,8762182000,838752000,2017-03-23,1.33,1.3,661079375,154703000,104409000,1.2687614100802949,50294000
2017-05-31,9356787000,669468000,2017-06-22,1.52,1.52,658770425,1792572000,135811000,1.0162386995439268,1656761000
2017-08-31,9640906000,932453000,2017-09-28,1.48,1.46,658384196,1941882000,191146000,1.416274882758577,1750736000
2017-11-30,9884313000,1123660000,2017-12-21,1.79,1.67,656671417,1005838000,133352000,1.71114498196592,872486000
2018-02-28,9909238000,863703000,2018-03-22,1.58,1.49,656118796,924057000,132896000,1.3163820412790004,791161000
2018-05-31,10694996000,1043020000,2018-06-28,1.79,1.72,654600026,1987538000,173556000,1.5933699336577785,1813982000
2018-08-31,10642249000,1029524000,2018-09-27,1.58,1.56,653960751,2109255000,179383000,1.5742901977308421,1929872000
2018-11-30,10605546000,1274720000,2018-12-20,1.96,1.85,652151450,1027508000,77691000,1.9546379909145337,949817000
2019-02-28,10454129000,1124449000,2019-03-28,1.73,1.57,649170699,1359650000,139797000,1.7321314744059328,1219853000
2019-05-31,11099688000,1249516000,2019-06-27,1.93,1.89,649297717,2123542000,140261000,1.9244115099822536,1983281000
2019-08-31,11055650000,1130427000,2019-09-26,1.74,1.71,650523417,2116253000,241260000,1.7377191511616252,1874993000
2019-11-30,11358958000,1356968000,2019-12-19,2.09,1.99,649389444,786911000,95063000,2.0896058790878653,691848000
2020-02-29,11141505000,1234740000,2020-03-19,1.91,1.73,648833880,1530641000,165370000,1.9030140657883032,1365271000
2020-05-31,10991305000,1228202000,2020-06-25,1.9,1.84,645607914,2741466000,149981000,1.9023961345058729,2591485000
2020-08-31,10835271000,1287929000,2020-09-24,1.7,1.73,647867307,3156134000,188718000,1.9879518322414746,2967416000
2020-11-30,11762185000,1500276000,2020-12-17,2.17,2.05,646879735,1602845000,93115000,2.319250269913,1509730000
2021-02-28,12088125000,1440859000,2021-03-18,2.03,1.9,646321916,2534721000,92510000,2.229320968902438,2442211000
2021-05-31,13263795000,1549426000,2021-06-24,2.4,2.24,645454021,2401150000,158212000,2.400521105437501,2242938000
2021-08-31,13419284000,1416248000,2021-09-23,2.2,2.19,645287973,2436432000,236295000,2.194753442274369,2200137000
2021-11-30,14965153000,1791024000,2021-12-16,2.78,2.63,644922661,530871000,181671000,2.7771143864333836,349200000
2022-02-28,15046693000,1634942000,2022-03-17,2.54,2.37,644127093,2155493000,164660000,2.538228895768556,1990833000
2022-05-31,16158803000,1786075000,2022-06-23,2.9,2.83,641004741,3064655000,194616000,2.786367846848733,2870039000
2022-08-31,15423656000,1665128000,2022-09-22,2.6,2.57,640914760,3790110000,177051000,2.598049075980088,3613059000
2022-11-30,15747802000,1964950000,2022-12-16,3.08,2.93,638766821,495398000,98830000,3.076161653048664,396568000
2023-02-28,15814158000,1523648000,2023-03-23,2.39,2.5,637735390,2330111000,107548000,2.3891539091158167,2222563000
2023-05-31,16564585000,2009996000,2023-06-22,3.15,3.0,638743434,3289371000,141500000,3.146797122301221,3147871000
2023-08-31,15985200000,1372963000,2023-09-28,2.71,2.63,639249070,3409388000,180294000,2.147774731999219,3229094000
2023-11-30,16224303000,1973444000,2023-12-19,3.27,3.13,637398361,498551000,68933000,3.0960920528629976,429618000
2024-02-29,15799514000,1674859000,2024-03-21,2.77,2.66,636797814,2101043000,109823000,2.630126805052129,1991220000
2024-05-31,16466828000,1932183000,2024-06-20,3.13,3.16,635607597,3142002000,124117000,3.039899159669736,3017885000
2024-08-31,16405819000,1684301000,2024-09-26,2.79,2.77,633883000,3389431000,213636000,2.657116534123805,3175795000
2024-11-30,17689545000,2278894000,2024-12-19,3.59,3.42,634656410,1022486000,152205000,3.5907523568540025,870281000
2025-02-28,16659301000,1788075000,2025-03-20,2.82,2.79,634212000,2853400000,170812000,2.819364818073452,2682588000
2025-05-31,17727871000,2197501000,2025-06-20,3.49,3.32,630457000,3684366000,169107000,3.4855684051410325,3515259000
2025-08-31,17596260000,1413963000,2025-09-25,3.03,2.97,629418129,3914147000,107915000,2.2464605559526234,3806232000
2025-11-30,18742125000,2211561000,2025-12-18,3.94,3.72,626043040,1664097000,156582000,3.5326021674164765,1507515000
