fiscalDateEnding,totalRevenue,netIncome,reportedDate,reportedEPS,estimatedEPS,commonStockSharesOutstanding,operatingCashflow,capitalExpenditures,eps_computed_simple,freeCashFlow
2005-10-31,378262000,94537000,2005-11-17,0.31,0.3,249500000,124868000,5377000,0.3789058116232465,119491000
2006-01-31,416835000,82987000,2006-02-28,0.37,0.35,244700000,114034000,5182000,0.3391377196567225,108852000
2006-04-30,436000000,48500000,2006-05-18,0.32,0.31,244700000,90200000,11400000,0.19820187985288107,78800000
2006-07-31,449600000,86800000,2006-08-17,0.3571,,243100000,162700000,7000000,0.35705470999588645,155700000
2006-10-31,456800000,58000000,2006-11-16,0.2397,,242000000,132900000,7000000,0.2396694214876033,125900000
2007-01-31,497400000,96400000,2007-02-28,0.3952,,231200000,190800000,9900000,0.41695501730103807,180900000
2007-04-30,508600000,83300000,2007-06-08,0.44,0.44,243800000,191600000,6800000,0.3416735028712059,184800000
2007-07-31,525900000,91600000,2007-08-16,0.44,0.43,243000000,136600000,11400000,0.37695473251028805,125200000
2007-10-31,538400000,84800000,2007-11-15,0.49,0.47,239900000,161300000,10900000,0.35348061692371824,150400000
2008-01-31,599100000,96500000,2008-02-26,0.52,0.54,232600000,219000000,14200000,0.41487532244196046,204800000
2008-04-30,598800000,94600000,2008-05-15,0.5,0.48,232600000,185300000,14400000,0.4067067927773001,170900000
2008-07-31,619500000,89800000,2008-08-14,0.56,0.52,231100000,215000000,25500000,0.3885763738641281,189500000
2008-10-31,607100000,104500000,2008-11-20,0.56,0.53,230400000,107200000,19200000,0.4535590277777778,88000000
2009-01-31,489800000,-105400000,2009-02-26,0.31,0.21,227100000,86400000,19300000,-0.46411272567151035,67100000
2009-04-30,425800000,-32100000,2009-05-21,0.18,0.08,227100000,27200000,13600000,-0.14134742404227213,13600000
2009-07-31,414900000,10500000,2009-08-13,0.24,0.19,232300000,47300000,10700000,0.045200172191132156,36600000
2009-10-31,416900000,29500000,2009-11-17,0.27,0.23,232900000,46700000,5900000,0.1266638042078145,40800000
2010-01-31,456100000,50100000,2010-02-23,0.3,0.23,234600000,125600000,8800000,0.21355498721227623,116800000
2010-04-30,474600000,36900000,2010-05-19,0.29,0.22,234600000,139100000,5800000,0.15728900255754474,133300000
2010-07-31,472800000,59900000,2010-08-12,0.36,0.27,233800000,111500000,5300000,0.25620188195038496,106200000
2010-10-31,476700000,53600000,2010-11-18,0.32,0.32,232400000,114300000,7000000,0.2306368330464716,107300000
2011-01-31,527700000,61600000,2011-02-24,0.35,0.34,237100000,175900000,10200000,0.2598059890341628,165700000
2011-04-30,528300000,69300000,2011-05-19,0.4,0.37,237100000,128400000,23400000,0.2922817376634331,105000000
2011-07-31,546300000,71200000,2011-08-18,0.44,0.41,236600000,132200000,29600000,0.30092983939137785,102600000
2011-10-31,548600000,72800000,2011-11-15,0.44,0.41,230700000,137700000,35800000,0.3155613350671868,101900000
2012-01-31,592400000,72000000,2012-02-23,0.46,0.45,234100000,175200000,88800000,0.307560871422469,86400000
2012-04-30,588600000,78900000,2012-05-17,0.47,0.47,234100000,139300000,11500000,0.337035454933789,127800000
2012-07-31,568700000,64600000,2012-08-23,0.48,0.49,232100000,107100000,16700000,0.27832830676432574,90400000
2012-10-31,548000000,29300000,2012-11-15,0.47,0.43,229900000,157100000,16500000,0.12744671596346238,140600000
2013-01-31,606900000,74500000,2013-02-25,0.53,0.5,229600000,155600000,11700000,0.32447735191637633,143900000
2013-04-30,570400000,55600000,2013-05-16,0.42,0.45,229300000,224100000,25800000,0.24247710423026603,198300000
2013-07-31,561700000,61700000,2013-08-22,0.45,0.42,228300000,65300000,16800000,0.27025843188786686,48500000
2013-10-31,555200000,57600000,2013-11-21,0.41,0.39,227700000,90600000,12400000,0.25296442687747034,78200000
2014-01-31,586600000,53900000,2014-02-26,0.4,0.34,231100000,183500000,9200000,0.2332323669407183,174300000
2014-04-30,592500000,28300000,2014-05-15,0.32,0.21,231600000,218700000,14500000,0.12219343696027633,204200000
2014-07-31,637100000,31300000,2014-08-14,0.35,0.29,232400000,96200000,17100000,0.1346815834767642,79100000
2014-10-31,618000000,10700000,2014-11-20,0.25,0.22,231500000,136000000,28400000,0.04622030237580994,107600000
2015-01-31,664600000,11500000,2015-02-26,0.25,0.24,232200000,257200000,15500000,0.04952627045650301,241700000
2015-04-30,646500000,19100000,2015-05-19,0.3,0.28,231700000,86500000,12500000,0.08243418213206732,74000000
2015-07-31,609500000,-235500000,2015-08-27,0.19,0.17,227000000,77200000,17300000,-1.0374449339207048,59900000
2015-10-31,599800000,-43800000,2015-11-19,0.14,0.08,225300000,80400000,12000000,-0.19440745672436752,68400000
2016-01-31,648300000,-32700000,2016-02-25,0.21,0.11,224700000,169900000,30600000,-0.14552736982643524,139300000
2016-04-30,511900000,-173000000,2016-05-19,-0.1,-0.14,224400000,164400000,22300000,-0.7709447415329769,142100000
2016-07-31,548200000,-98200000,2016-08-25,0.05,-0.13,223200000,-18000000,20300000,-0.4399641577060932,-38300000
2016-10-31,488600000,-142800000,2016-11-29,-0.18,-0.24,222300000,7700000,22500000,-0.6423751686909581,-14800000
2017-01-31,478000000,-170500000,2017-03-02,-0.28,-0.34,221100000,15600000,10900000,-0.7711442786069652,4700000
2017-04-30,483700000,-129600000,2017-05-18,-0.16,-0.24,219900000,45200000,8600000,-0.5893587994542974,36600000
2017-07-31,499000000,-144000000,2017-08-24,-0.11,-0.15,219500000,-72500000,17800000,-0.6560364464692483,-90300000
2017-10-31,512900000,-119800000,2017-11-28,-0.12,-0.13,219600000,-51100000,12900000,-0.5455373406193078,-64000000
2018-01-31,553000000,-173500000,2018-03-06,-0.09,-0.11,219100000,79300000,11400000,-0.7918758557736193,67900000
2018-04-30,562400000,-82400000,2018-05-24,0.06,0.03,218600000,-16900000,16700000,-0.37694419030192133,-33600000
2018-07-31,615200000,-39400000,2018-08-23,0.19,0.15,219000000,43300000,20000000,-0.17990867579908676,23300000
2018-10-31,663400000,-23700000,2018-11-20,0.29,0.27,218900000,39200000,12700000,-0.10826861580630424,26500000
2019-01-31,737300000,64700000,2019-02-28,0.46,0.42,221300000,311500000,17600000,0.2923633077270673,293900000
2019-04-30,732000000,-24200000,2019-05-23,0.45,0.47,219600000,221200000,14700000,-0.11020036429872496,206500000
2019-07-31,791800000,40200000,2019-08-27,0.65,0.61,222400000,219300000,14800000,0.18075539568345322,204500000
2019-10-31,837800000,66700000,2019-11-26,0.78,0.72,221900000,276400000,9700000,0.30058584948174855,266700000
2020-01-31,895100000,131800000,2020-02-27,0.92,0.89,222500000,698200000,14000000,0.5923595505617978,684200000
2020-04-30,883000000,66500000,2020-05-27,0.85,0.8,221300000,327300000,23500000,0.30049706281066424,303800000
2020-07-31,911500000,98200000,2020-08-25,0.98,0.9,222200000,91200000,28000000,0.44194419441944194,63200000
2020-10-31,952600000,132200000,2020-11-24,1.04,0.96,222300000,361100000,20900000,0.5946918578497525,340200000
2021-01-31,1043599999,911300000,2021-02-25,1.18,1.07,222500000,657600000,23500000,4.095730337078652,634100000
2021-04-30,994800000,155600000,2021-05-27,1.03,0.94,222000000,336100000,21200000,0.7009009009009008,314900000
2021-07-31,1064800000,115600000,2021-08-25,1.21,1.13,222000000,202000000,22600000,0.5207207207207207,179400000
2021-10-31,1128800000,136700000,2021-11-23,1.33,1.26,222000000,270400000,15300000,0.6157657657657658,255100000
2022-01-31,1209900000,89100000,2022-02-24,1.5,1.44,221200000,722800000,7400000,0.4028028933092224,715400000
2022-04-30,1164000000,146000000,2022-05-26,1.43,1.34,219000000,434000000,16000000,0.6666666666666666,418000000
2022-07-31,1226000000,186000000,2022-08-24,1.65,1.57,218000000,257000000,12000000,0.8532110091743119,245000000
2022-10-31,1261000000,198000000,2022-11-22,1.7,1.7,217000000,469000000,10000000,0.9124423963133641,459000000
2023-01-31,1294000000,293000000,2023-02-23,1.86,1.81,217000000,911000000,8000000,1.3502304147465438,903000000
2023-04-30,1249000000,161000000,2023-05-25,1.55,1.55,216000000,723000000,15000000,0.7453703703703703,708000000
2023-07-31,1328000000,222000000,2023-08-23,1.91,1.73,215000000,135000000,11000000,1.0325581395348837,124000000
2023-10-31,1400000000,241000000,2023-11-21,2.07,1.99,216000000,18000000,20000000,1.1157407407407407,-2000000
2024-01-31,1469000000,282000000,2024-02-29,2.09,1.95,216000000,437000000,15000000,1.3055555555555556,422000000
2024-04-30,1412000000,252000000,2024-06-10,1.87,1.77,217000000,494000000,41000000,1.1612903225806452,453000000
2024-07-31,1500000000,282000000,2024-08-29,2.15,2.0,217000000,212000000,14000000,1.2995391705069124,198000000
2024-10-31,1567000000,275000000,2024-11-26,2.17,2.12,217000000,209000000,10000000,1.2672811059907834,199000000
2025-01-31,1633000000,303000000,2025-02-27,2.29,2.14,217000000,692000000,14000000,1.3963133640552996,678000000
2025-04-30,1633000000,152000000,2025-05-22,2.29,2.15,216000000,564000000,15000000,0.7037037037037037,549000000
2025-07-31,1763000000,313000000,2025-08-28,2.62,2.45,215000000,460000000,2000000,1.455813953488372,458000000
2025-10-31,1853000000,343000000,2025-11-25,2.67,2.5,215000000,439000000,9000000,1.5953488372093023,430000000
