fiscalDateEnding,totalRevenue,netIncome,reportedDate,reportedEPS,estimatedEPS,commonStockSharesOutstanding,operatingCashflow,capitalExpenditures,eps_computed_simple,freeCashFlow
2005-09-30,81975000,-3891000,2005-10-19,0.07,0.08,38366000,5585000,2957000,-0.10141792211854246,2628000
2005-12-31,69981000,10025000,2006-02-16,0.11,0.07,45004000,-1957000,2793000,0.222757977068705,-4750000
2006-03-31,93950000,12761000,2006-04-26,0.28,0.2,45004000,14767000,730000,0.2835525731046129,14037000
2006-06-30,104571000,18163000,2006-07-26,0.4,0.29,45108000,17030000,1130000,0.40265584818657446,15900000
2006-09-30,107688000,16992000,2006-10-25,0.38,0.37,45166000,25961000,1140000,0.37621219501394854,24821000
2006-12-31,104533000,40407000,2007-02-07,0.35,0.34,45636000,30549000,3142000,0.8854194057323166,27407000
2007-03-31,107323000,12671000,2007-04-25,0.28,0.27,45636000,12070000,1452000,0.2776536068016478,10618000
2007-06-30,103049000,11667000,2007-07-25,0.25,0.28,45992000,22903000,2143000,0.2536745520960167,20760000
2007-09-30,90491000,5855000,2007-10-24,0.13,0.16,45761000,5292000,2121000,0.12794737877231704,3171000
2007-12-31,83836000,4167000,2008-02-07,0.09,0.08,45065000,21545000,3154000,0.09246643736824586,18391000
2008-03-31,88887000,5966000,2008-04-23,0.13,0.09,45065000,1127000,1583000,0.1323865527571286,-456000
2008-06-30,87996000,5863000,2008-07-23,0.14,0.1,42290000,19446000,2362000,0.13863797588082288,17084000
2008-09-30,84510000,5369000,2008-10-22,0.13,0.11,42201000,-1765000,1805000,0.127224473353712,-3570000
2008-12-31,67525000,-18977000,2009-02-20,-0.45,-0.05,41881000,5269000,1452000,-0.4531171653016881,3817000
2009-03-31,32627000,-79763000,2009-04-23,-0.31,-0.45,41881000,997000,599000,-1.9045151739452257,398000
2009-06-30,35567000,-16034000,2009-07-23,-0.36,-0.35,41948000,-2049000,803000,-0.3822351482788214,-2852000
2009-09-30,51762000,-8431000,2009-10-28,-0.2,-0.28,42004000,749000,1374000,-0.20071897914484335,-625000
2009-12-31,66439000,1523000,2010-02-16,0.04,-0.09,41446667,9493000,2835000,0.036746018684687,6658000
2010-03-31,81552000,6217000,2010-04-22,0.15,0.15,41446667,-11377000,800000,0.14999999879363038,-12177000
2010-06-30,100107000,13619000,2010-07-21,0.31,0.25,43327000,7466000,2132000,0.3143305560043391,5334000
2010-09-30,140966000,19948000,2010-10-31,0.4,0.42,43849000,-12691000,3989000,0.4549248557549773,-16680000
2010-12-31,148654000,31408000,2011-02-14,0.45,0.39,44133000,34944000,12011000,0.7116670065483879,22933000
2011-03-31,137652000,18906000,2011-05-02,0.43,0.35,44133000,2715000,4428000,0.42838692135136974,-1713000
2011-06-30,138154000,13586000,2011-07-25,0.31,0.36,44187000,10789000,4229000,0.30746599678638514,6560000
2011-09-30,128498000,6592000,2011-11-01,0.21,0.19,43819000,13148000,5972000,0.15043702503480225,7176000
2011-12-31,112495000,-2770000,2012-01-30,0.01,0.01,41292000,11443000,4258000,-0.06708321224450256,7185000
2012-03-31,105787000,1069000,2012-04-30,0.06,0.01,41292000,34691000,3120000,0.025888792017824278,31571000
2012-06-30,115658000,8928000,2012-07-30,0.18,0.13,39583000,30112000,1089000,0.22555137306419423,29023000
2012-09-30,117515000,5735000,2012-10-29,0.2,0.19,38330000,27447000,2467000,0.1496217062353248,24980000
2012-12-31,112971000,4849000,2013-02-04,0.16,0.16,38484000,18527000,3557000,0.1260004157571978,14970000
2013-03-31,111814000,6826000,2013-04-29,0.24,0.17,39598000,-549000,1417000,0.17238244355775545,-1966000
2013-06-30,139711000,-9782000,2013-07-29,0.24,0.16,40150000,-9463000,2408000,-0.24363636363636362,-11871000
2013-09-30,142899000,687000,2013-11-04,0.57,0.33,40577000,5366000,2764000,0.016930773590950538,2602000
2013-12-31,152580000,34355000,2014-02-03,0.83,0.48,41332000,39962000,3022000,0.8311961676183103,36940000
2014-03-31,140948000,14715000,2014-05-05,0.35,0.41,41870000,6799000,1581000,0.3514449486505851,5218000
2014-06-30,146285000,10646000,2014-08-04,0.26,0.34,41147000,40274000,1872000,0.258730891681046,38402000
2014-09-30,143147000,12302000,2014-11-03,0.3,0.3,40470000,10247000,1364000,0.3039782554978997,8883000
2014-12-31,152718000,9319000,2015-02-02,0.5,0.42,40757000,18266000,1288000,0.22864783963490934,16978000
2015-03-31,141118000,21276000,2015-05-04,0.57,0.42,41129000,28641000,421000,0.5172992292542975,28220000
2015-06-30,136791000,-232460000,2015-08-03,0.43,0.4,40946000,25153000,1234000,-5.677233429394812,23919000
2015-09-30,130800000,16432000,2015-11-02,0.51,0.48,41319000,18261000,1536000,0.39768629444081416,16725000
2015-12-31,86891000,36265000,2016-02-01,0.32,0.26,40601000,32753000,823000,0.8932046008718997,31930000
2016-03-31,103044000,22281000,2016-05-02,0.56,0.48,40100000,11649000,1338000,0.5556359102244389,10311000
2016-06-30,118765000,30531000,2016-08-01,0.73,0.67,39969000,31320000,1527000,0.7638669969226151,29793000
2016-09-30,126552000,30361000,2016-10-31,0.77,0.72,39967000,34535000,1659000,0.759651712662947,32876000
2016-12-31,135343000,44281000,2017-01-30,1.06,0.81,40029000,41783000,2297000,1.1062229883334582,39486000
2017-03-31,149351000,37535000,2017-05-01,1.04,0.96,40179000,40206000,1392000,0.9341944797033276,38814000
2017-06-30,165872000,46052000,2017-07-31,1.22,1.07,40250000,60011000,2016000,1.1441490683229814,57995000
2017-09-30,176575000,83864000,2017-10-30,1.19,1.17,40172000,32797000,2238000,2.0876232201533407,30559000
2017-12-31,179214000,-29590000,2018-01-30,1.31,1.22,40051000,49687000,3396000,-0.7388080197747872,46291000
2018-03-31,195617000,46479000,2018-04-30,1.34,1.32,39995000,33101000,3923000,1.162120265033129,29178000
2018-06-30,196032000,46361000,2018-07-30,1.25,1.35,39603000,52353000,5503000,1.1706436381082241,46850000
2018-09-30,173082000,34779000,2018-10-29,1.05,1.0,39195000,28479000,7160000,0.8873325679295828,21319000
2018-12-31,154161000,19406000,2019-02-04,0.73,0.76,38595000,37338000,3744000,0.5028112449799197,33594000
2019-03-31,140743000,15370000,2019-05-06,0.58,0.48,38426000,5446000,2436000,0.3999895903815125,3010000
2019-06-30,134810000,31686000,2019-08-05,0.45,0.35,38462000,10970000,6430000,0.823826114086631,4540000
2019-09-30,175127000,7621000,2019-11-12,0.54,0.38,38489000,12759000,6815000,0.19800462469796565,5944000
2019-12-31,338268000,10264000,2020-02-18,0.87,0.7,38554000,19217000,9507000,0.266223997509986,9710000
2020-03-31,315456000,18063000,2020-05-06,0.91,0.65,38570000,28522000,6134000,0.4683173450868551,22388000
2020-06-30,339880000,29144000,2020-08-05,1.18,0.81,38458000,38452000,7257000,0.7578137188621353,31195000
2020-09-30,389521000,45627000,2020-11-05,1.66,1.16,38528000,67399000,11841000,1.1842556063122924,55558000
2020-12-31,370969000,41841000,2021-02-10,1.49,1.35,38533000,66863000,11251000,1.0858484934990786,55612000
2021-03-31,351620000,38668000,2021-05-05,1.29,1.26,38583000,54079000,8817000,1.0022030427908664,45262000
2021-06-30,361311000,35409000,2021-08-04,1.25,1.27,38586000,33610000,5415000,0.9176644378790235,28195000
2021-09-30,346093000,21004000,2021-11-08,0.89,0.82,38363000,18198000,8489000,0.5475067121966478,9709000
2021-12-31,396930000,39655000,2022-02-09,1.36,0.94,37866000,34358000,9156000,1.047245550097713,25202000
2022-03-31,397459000,36778000,2022-05-04,1.24,0.95,37770000,9821000,13075000,0.9737357691289383,-3254000
2022-06-30,440949000,44970000,2022-08-03,1.44,1.11,37710000,37775000,12401000,1.192521877486078,25374000
2022-09-30,516274000,74167000,2022-11-01,2.12,1.38,37630000,65305000,14031000,1.9709540260430507,51274000
2022-12-31,490740000,43745000,2023-02-08,1.7,1.6,37683000,70686000,19378000,1.160868296048616,51308000
2023-03-31,425040000,30921000,2023-05-03,1.24,1.13,37757000,29811000,16210000,0.8189474799374951,13601000
2023-06-30,415508000,27140000,2023-08-03,1.11,1.05,37803000,22603000,17413000,0.7179324392244002,5190000
2023-09-30,409991000,32721000,2023-10-31,1.28,1.14,37854000,72519000,13159000,0.8644000634014899,59360000
2023-12-31,405271000,37502000,2024-02-06,1.24,1.16,37585000,84004000,14223000,0.9977916722096581,69781000
2024-03-31,327500000,5400000,2024-05-01,0.58,0.67,37700000,7300000,16600000,0.14323607427055704,-9300000
2024-06-30,364900000,14800000,2024-07-30,0.85,0.71,37800000,6700000,14800000,0.3915343915343915,-8100000
2024-09-30,374217000,-14905000,2024-10-30,0.98,0.91,37532000,34059000,12645000,-0.3971277842907386,21414000
2024-12-31,415403000,48874000,2025-02-12,1.3,1.1,38000000,82688000,12743000,1.2861578947368422,69945000
2025-03-31,404600000,24700000,2025-04-30,1.23,1.06,38100000,28900000,13900000,0.6482939632545932,15000000
2025-06-30,441500000,25200000,2025-08-05,1.5,1.31,37800000,45200000,28100000,0.6666666666666666,17100000
2025-09-30,463300000,46200000,2025-11-05,1.74,1.47,38500000,76800000,27900000,1.2,48900000
