fiscalDateEnding,totalRevenue,netIncome,reportedDate,reportedEPS,estimatedEPS,commonStockSharesOutstanding,operatingCashflow,capitalExpenditures,eps_computed_simple,freeCashFlow
2013-06-30,6268000.0,-8620000,2013-09-05,-2.8,-0.32,30127620,-15822000,701000,-0.2861161950396347,-16523000
2013-09-30,6268000.0,-11177000,2013-11-07,-0.47,-0.29,22744486,-14980000,99000,-0.49141580952851605,-15079000
2013-12-31,6744000.0,-12382000,2014-03-06,-0.4,-0.34,31153000,-13617000,219000,-0.3974577087278914,-13836000
2014-03-31,8411000.0,-12248000,2014-05-08,-0.39,-0.37,31395000,-27040000,13000,-0.39012581621277276,-27053000
2014-06-30,8411000.0,-18296000,2014-08-07,-0.54,-0.4,33602472,-1071000,86000,-0.5444837510764089,-1157000
2014-09-30,33900000.0,3704000,2014-11-07,0.1,-0.52,36592683,-23467000,628000,0.10122242197982585,-24095000
2014-12-31,14636000.0,-26664000,2015-02-17,-0.76,-0.58,35121705,-7775000,1489000,-0.7591886555621374,-9264000
2015-03-31,34202000.0,-4957000,2015-05-07,-0.13,-0.92,37214747,-25585000,3797000,-0.13319988444365885,-29382000
2015-06-30,13219000.0,-31897000,2015-08-06,-0.85,-0.46,37329220,3980000,10882000,-0.8544780737449108,-6902000
2015-09-30,5480000.0,-40257000,2015-11-05,-1.07,-0.88,37507298,-24815000,3299000,-1.0733111193453604,-28114000
2015-12-31,6218000.0,-40621000,2016-02-18,-1.08,-0.5,37660033,-30529000,2186000,-1.0786235901598917,-32715000
2016-03-31,31281000.0,-23198000,2016-05-05,-0.61,-0.79,37864084,-19009000,2533000,-0.6126650257801034,-21542000
2016-06-30,6978000.0,-55953000,2016-08-04,-1.47,-0.48,37956383,157824000,2734000,-1.4741394089104856,155090000
2016-09-30,8985000.0,-62834000,2016-11-03,-1.63,-1.52,38548153,-49030000,3426000,-1.6300132460302312,-52456000
2016-12-31,22648000.0,-56486000,2017-02-16,-1.34,-1.51,42110541,-51223000,1222000,-1.3413743604006418,-52445000
2017-03-31,10508000.0,-66166000,2017-05-04,-1.56,-1.71,42280525,-74074000,293000,-1.564928533881734,-74367000
2017-06-30,11346000.0,-83082000,2017-08-08,-1.78,-1.56,46745760,-58989000,1035000,-1.7773162742460493,-60024000
2017-09-30,11358000.0,-77137000,2017-11-01,-1.59,-1.79,48459424,-77715000,2019000,-1.5917853253889274,-79734000
2017-12-31,9799000.0,-88285000,2018-02-14,-1.81,-1.66,48772901,-74454000,1280000,-1.8101240276849637,-75734000
2018-03-31,8762000.0,-90825000,2018-05-04,-1.63,-1.63,55694603,-99000000,1432000,-1.630768424725103,-100432000
2018-06-30,40414000.0,-68745000,2018-08-02,-1.19,-1.55,57721786,-67395000,1361000,-1.190971464396476,-68756000
2018-09-30,15198000.0,-94664000,2018-11-01,-1.63,-1.62,58033386,-63839000,3140000,-1.6311989791531378,-66979000
2018-12-31,30013000.0,-91794000,2019-02-14,-1.58,-1.67,58189254,-74187000,1053000,-1.5775077645779751,-75240000
2019-03-31,30227000.0,-93078000,2019-05-02,-1.59,-1.75,58453918,-103271000,2038000,-1.5923312445882585,-105309000
2019-06-30,26221000.0,-109871000,2019-08-01,-1.87,-1.7,58722244,-88151000,1271000,-1.8710286343961924,-89422000
2019-09-30,26024000.0,-106173000,2019-10-31,-1.81,-1.8,58803534,-85589000,2038000,-1.8055547477809752,-87627000
2019-12-31,35440000.0,-102350000,2020-02-13,-1.6,-1.72,63949870,-93611000,6824000,-1.600472369998563,-100435000
2020-03-31,87098000.0,-40256000,2020-04-30,-0.59,-1.67,68608279,-105358000,4196000,-0.5867513452713192,-109554000
2020-06-30,37347000.0,-90478000,2020-07-30,-1.31,-1.37,68958091,-67797000,4144000,-1.3120722845996418,-71941000
2020-09-30,34706000.0,-98979000,2020-11-05,-1.43,-1.38,69144061,-68207000,5204000,-1.4314895389207758,-73411000
2020-12-31,44045000.0,-97657000,2021-02-25,-1.41,-1.33,69271163,-49397000,562000,-1.409778553883959,-49959000
2021-03-31,41409000.0,-118226000,2021-04-29,26.95,-1.32,69543510,-120749000,1012000,-1.70002923349713,-121761000
2021-06-30,37347000.0,-83417000,2021-07-29,-1.44,-1.39,61066977,-117294000,249000,-1.3659919664927904,-117543000
2021-09-30,0.0,-88148000,2021-11-03,-1.56,-1.59,57048175,-85184000,22000,-1.545150217338241,-85206000
2021-12-31,41.41,-94627000,2022-02-24,-1.74,-1.69,54335230,-84093000,4502000,-1.741540433343155,-88595000
2022-03-31,832000.0,-94774000,2022-05-05,-1.74,-1.81,54555467,-97735000,2804000,-1.7372044491892995,-100539000
2022-06-30,5582000.0,-91806000,2022-08-04,-1.68,-1.75,54799680,-74229000,1926000,-1.6753017535868822,-76155000
2022-09-30,3516000.0,-81747000,2022-11-03,-1.49,-1.76,54844579,-71351000,38000,-1.490521059519848,-71389000
2022-12-31,4310000.0,36526000,2023-02-23,0.67,-1.62,54789435,-66163000,113000,0.6666613736754176,-66276000
2023-03-31,5609000.0,-81018000,2023-05-04,-1.47,-1.7,55265390,-95183000,399000,-1.465980788337873,-95582000
2023-06-30,6712000.0,-83806000,2023-08-03,-1.51,-1.56,55604330,-66748000,3000,-1.507184782192322,-66751000
2023-09-30,7399000.0,-91324000,2023-11-02,-1.64,-1.7,55803663,-61643000,369000,-1.6365233945305706,-62012000
2023-12-31,7103000.0,-95940000,2024-02-15,-1.72,-1.65,55897860,-72488000,234000,-1.7163447759896353,-72722000
2024-03-31,8189000.0,-81549000,2024-05-02,-1.45,-1.65,56383475,-99867000,141000,-1.4463280243014465,-100008000
2024-06-30,8615000.0,-96118000,2024-08-01,-1.69,-1.6,56802546,-72589000,158000,-1.692142461360799,-72747000
2024-09-30,8964000.0,947915000,2024-10-31,-1.47,7.91,58433000,-84218000,419000,16.2222545479438,-84637000
2024-12-31,10730000.0,-96523000,2025-02-13,-1.74,-1.63,57156000,-133167000,967000,-1.68876408426062,-134134000
2025-03-31,8726000.0,-89289000,2025-05-01,-1.55,-1.76,57459000,-111489000,766000,-1.5539602151099046,-112255000
2025-06-30,12455000.0,-112020000,2025-07-31,-1.93,-1.75,57932576,-77124000,875000,-1.9336271185317222,-77999000
2025-09-30,12880000.0,-103433000,2025-10-30,-1.78,-1.91,58139277,-88151000,1555000,-1.7790554911785366,-89706000
