fiscalDateEnding,totalRevenue,netIncome,reportedDate,reportedEPS,estimatedEPS,commonStockSharesOutstanding,operatingCashflow,capitalExpenditures,eps_computed_simple,freeCashFlow
2005-10-31,7133000,-287000,2005-10-31,-0.0752,,3814000,917000,162000,-0.07524908232826429,755000
2006-01-31,7311000,-6813000,2006-01-31,-1.95,,3814000,347000,525000,-1.7863135815416886,-178000
2006-04-30,8962000,-18000,2006-04-30,-0.0047,,3814000,783000,273000,-0.0047194546407970635,510000
2006-07-31,8560000,-155000,2006-07-31,-0.0341,,4549000,170000,339000,-0.03407342273027039,-169000
2006-10-31,9609000,-255000,2006-10-31,-0.0558,,4574000,401000,166000,-0.05574989068648885,235000
2007-01-31,41736000,315000,2007-01-31,0.0374,,11094000,-14652000,157000,0.028393726338561385,-14809000
2007-04-30,50432000,-2015000,2007-04-30,-0.1816,,11094000,7420000,100000,-0.18162970975301965,7320000
2007-07-31,53137000,1334000,2007-07-31,0.1192,,11196000,15555000,124000,0.11914969632011432,15431000
2007-10-31,49263000,-1957000,2007-12-17,-0.1764,,11096000,32002000,283000,-0.17636986301369864,31719000
2008-01-31,53944000,-565000,2008-04-25,-0.0509,,11429000,-12477000,366000,-0.04943564616326888,-12843000
2008-04-30,48406000,1555000,2008-06-12,0.1361,,11429000,2511000,117000,0.13605739784758072,2394000
2008-07-31,75098000,806000,2008-09-11,0.0659,,12226000,13195000,142000,0.06592507770325536,13053000
2008-10-31,41387000,2624000,2008-12-12,0.1911,,13730000,-9403000,43000,0.1911143481427531,-9446000
2009-01-31,56035000,5034000,2009-04-15,0.3939,,13714000,-17771000,154000,0.3670701472947353,-17925000
2009-04-30,63110000,2967000,2009-06-08,0.2163,,13714000,-16313000,32000,0.2163482572553595,-16345000
2009-07-31,65455000,2685000,2009-09-08,0.195,,13771000,-5469000,51000,0.1949749473531334,-5520000
2009-10-31,60667000,1964000,2009-12-08,0.1427,,13763000,1285000,89000,0.14270144590568917,1196000
2010-01-31,43098000,-575000,2010-04-15,-0.0418,,13790000,7543000,27000,-0.04169688179840464,7516000
2010-04-30,55931000,2023000,2010-06-09,0.1467,,13790000,-2135000,163000,0.1467005076142132,-2298000
2010-07-31,54509000,3301000,2010-09-07,0.241,,13699000,9266000,109000,0.24096649390466457,9157000
2010-10-31,48160000,1535000,2010-12-09,0.1123,,13669000,5153000,216000,0.11229790035847538,4937000
2011-01-31,23992000,915000,2011-04-14,0.0669,,13679000,7053000,1000,0.0668908545946341,7052000
2011-04-30,15993000,606000,2011-06-08,0.0221,,13679000,-5764000,9000,0.04430148402661013,-5773000
2011-07-31,26342000,2070000,2011-09-14,-0.006,,13717000,26933000,50000,0.15090763286432893,26883000
2011-10-31,43597000,2012000,2011-12-13,0.138,,13744000,31169000,76000,0.14639115250291035,31093000
2012-01-31,55918000,4584000,2012-04-12,0.3324,,13950000,26377000,1603000,0.3286021505376344,24774000
2012-04-30,63690000,4438000,2012-06-11,0.3181,,13950000,19822000,1164000,0.3181362007168459,18658000
2012-07-31,82619000,6201000,2012-09-13,0.445,,13935000,13669000,2627000,0.444994617868676,11042000
2012-10-31,74486000,6065000,2012-12-13,0.43,,14106000,9702000,2137000,0.4299588827449312,7565000
2013-01-31,57841000,6561000,2013-04-10,0.46,0.4,14186000,-11629000,1335000,0.46249823769914,-12964000
2013-04-30,46648000,6410000,2013-06-07,0.4537,,14127000,-3553000,684000,0.4537410632122885,-4237000
2013-07-31,57864000,12623000,2013-09-05,0.89,0.29,14129000,-15858000,167000,0.8934107155495788,-16025000
2013-10-31,63452000,11928000,2013-12-05,0.83,0.71,14365000,47469000,74000,0.8303515489035851,47395000
2014-01-31,59491000,9164000,2014-04-08,0.63,0.7,14581000,70925000,211000,0.6284891296893217,70714000
2014-04-30,51191000,3475000,2014-06-05,0.24,0.16,14683000,40790000,46000,0.23666825580603418,40744000
2014-07-31,102030000,8550000,2014-09-04,0.58,0.41,14655000,30396000,153000,0.5834186284544524,30243000
2014-10-31,127564000,12422000,2014-12-08,0.84,0.59,14795000,16198000,1643000,0.8396079756674553,14555000
2015-01-31,102325000,5998000,2015-04-10,0.4,0.59,14838000,5945000,1094000,0.4042323763310419,4851000
2015-04-30,85488000,7503000,2015-06-08,0.5,0.38,14864000,-2290000,1207000,0.5047766415500539,-3497000
2015-07-31,97434000,11307000,2015-09-08,0.75,0.55,15003000,-26303000,1296000,0.7536492701459708,-27599000
2015-10-31,113967000,10807000,2015-12-10,0.72,0.7,15066000,-18285000,168000,0.7173105004646223,-18453000
2016-01-31,116387000,6728000,2016-04-14,0.45,0.65,15055000,13281000,447000,0.4468947193623381,12834000
2016-04-30,130348000,12230000,2016-06-07,0.81,0.64,15055000,43726000,245000,0.8123546994354035,43481000
2016-07-31,162495000,19674000,2016-09-06,1.29,0.79,15278000,68981000,1367000,1.2877339965964132,67614000
2016-10-31,175444000,18073000,2016-12-06,1.16,0.74,15601000,72604000,869000,1.15845138132171,71735000
2017-01-31,206760000,20351000,2017-04-10,1.29,0.81,15731000,73733000,330000,1.2936876231644523,73403000
2017-04-30,230489000,20625000,2017-06-07,1.31,0.93,15771000,40964000,1863000,1.3077801027201825,39101000
2017-07-31,259803000,27139000,2017-09-07,1.72,1.03,15787000,-6388000,939000,1.7190726547159054,-7327000
2017-10-31,232945000,17229000,2017-12-06,1.09,0.99,15793000,-57315000,1204000,1.0909263597796492,-58519000
2018-01-31,169578000,7018000,2018-04-11,0.45,0.73,15743000,-50054000,820000,0.44578542844438795,-50874000
2018-04-30,141366000,4837000,2018-06-11,0.31,0.34,15656000,-60935000,3691000,0.3089550332141032,-64626000
2018-07-31,136670000,16972000,2018-09-05,1.08,0.4,15673000,2403000,1674000,1.0828813883749122,729000
2018-10-31,116459000,32434000,2018-12-06,2.07,0.34,15702000,-40574000,2001000,2.0655967392688828,-42575000
2019-01-31,87658000,-2207000,2019-04-10,-0.04,-0.05,15573000,-13216000,1233000,-0.1417196429718102,-14449000
2019-04-30,49544000,-29800000,2019-06-10,-1.78,-0.12,15583000,-36382000,1985000,-1.912340370917025,-38367000
2019-07-31,63059000,1154000,2019-09-09,0.07,0.03,15757000,-16782000,1058000,0.07323729136256901,-17840000
2019-10-31,58406000,-6855000,2019-12-10,-0.44,-0.05,15633000,69065000,3265000,-0.4384954903089618,65800000
2020-01-31,67988000,-7188000,2020-04-14,-0.46,-0.01,15634000,37664000,750000,-0.45976717410771395,36914000
2020-04-30,60148000,-763000,2020-06-09,-0.05,-0.08,15643000,40187000,684000,-0.048775810266572905,39503000
2020-07-31,87492000,5609000,2020-09-09,0.36,0.05,15788000,62714000,449000,0.35526982518368383,62265000
2020-10-31,127331000,9454000,2020-12-09,0.6,0.32,15833000,39659000,279000,0.5971073075222636,39380000
2021-01-31,117235000,9551000,2021-04-14,0.6,0.47,15880000,32120000,285000,0.601448362720403,31835000
2021-04-30,126341000,10766000,2021-06-08,0.67,0.35,15961000,17346000,844000,0.6745191404047366,16502000
2021-07-31,133008000,12870000,2021-09-07,0.81,0.48,15982000,29838000,167000,0.8052809410586911,29671000
2021-10-31,124451000,12393000,2021-12-08,0.78,0.47,15963000,-5485000,112000,0.7763578274760383,-5597000
2022-01-31,125570000,2215000,2022-04-13,0.14,0.26,15713000,-13284000,299000,0.1409660790428308,-13583000
2022-04-30,100277000,7485000,2022-06-08,0.5,0.3,14992000,-39730000,238000,0.49926627534685164,-39968000
2022-07-31,118110000,4222000,2022-09-08,0.3,0.39,14247000,-17046000,400000,0.2963430897732856,-17446000
2022-10-31,117875000,7758000,2022-12-07,0.56,0.71,13812000,-16212000,1944000,0.5616854908774979,-18156000
2023-01-31,118778000,13633000,2023-04-12,1.0,0.71,13625000,42927000,790000,1.0005871559633028,42137000
2023-04-30,103675000,2109000,2023-06-08,0.16,0.36,13546000,-1248000,645000,0.1556917171120626,-1893000
2023-07-31,141349000,12767000,2023-09-06,0.94,0.75,13542000,35801000,386000,0.942770639491951,35415000
2023-10-31,163755000,5464000,2023-12-06,0.4,0.88,13559000,57710000,1112000,0.4029795707648057,56598000
2024-01-31,164554000,12018000,2024-04-11,0.89,0.75,13548000,24595000,613000,0.8870682019486271,23982000
2024-04-30,157682000,7882000,2024-06-06,0.58,0.52,13572000,17686000,322000,0.580754494547598,17364000
2024-07-31,227015000,18198000,2024-09-05,1.31,0.97,13880000,73495000,2349000,1.3110951008645533,71146000
2024-10-31,257008000,28010000,2024-12-04,2.0,1.26,14034000,31779000,2547000,1.9958671797064274,29232000
2025-01-31,232474000,31369000,2025-04-09,2.22,1.145,14135000,44624000,1365000,2.219243013795543,43259000
2025-04-30,193660000,22550000,2025-06-04,1.6,1.09,14112000,35293000,395000,1.5979308390022675,34898000
2025-07-31,237743000,35275000,2025-09-04,2.5,1.64,14131000,34602000,1694000,2.4962847639940557,32908000
2025-10-31,251153000,30737000,2025-12-04,2.17,1.77,14157000,172493000,583000,2.1711520802429893,171910000
