fiscalDateEnding,totalRevenue,netIncome,reportedDate,reportedEPS,estimatedEPS,commonStockSharesOutstanding,operatingCashflow,capitalExpenditures,eps_computed_simple,freeCashFlow
2023-12-31,482551000,-27425000,2024-03-21,-0.42,-0.37,66048053,25769000,25405000,-0.4152279856001206,364000
2024-03-31,499533000,-3892000,2024-05-13,-0.04,-0.12,104295142,-5954000,19886000,-0.037317174370403564,-25840000
2024-06-30,504581000,1979000,2024-08-05,0.01,0.0,130689889,59402000,18489000,0.015142716970247026,40913000
2024-09-30,523814000,-4126000,2024-11-12,-0.03,-0.01,133732745,63130000,23881000,-0.030852578401796806,39249000
2024-12-31,542740000,-31773000,2025-02-27,-0.21,0.105,153702650,59509000,29684000,-0.2067173207488615,29825000
2025-03-31,540603000,-6804000,2025-05-09,-0.04,0.04,156922819,60616000,21181000,-0.043358894795281495,39435000
2025-06-30,542503000,9908000,2025-08-08,0.06,0.1167,161143556,71475000,26896000,0.061485548947424244,44579000
2025-09-30,572937000,55927000,2025-11-06,0.33,0.1533,162908000,107185000,48077000,0.3433041962334569,59108000
