fiscalDateEnding,totalRevenue,netIncome,reportedDate,reportedEPS,estimatedEPS,commonStockSharesOutstanding,operatingCashflow,capitalExpenditures,eps_computed_simple,freeCashFlow
2005-09-30,242330000,18508000,2005-10-21,0.66,0.67,32626000,46613000,12063000,0.5672776313369705,34550000
2005-12-31,247910000,14084000,2006-01-26,0.46,0.53,31953000,25933000,12752000,0.4407723844396457,13181000
2006-03-31,251223000,18815000,2006-04-20,0.59,0.43,31919000,26692000,19849000,0.5894608227074783,6843000
2006-06-30,261630000,18687000,2006-07-20,0.62,0.68,30094000,19099000,12650000,0.620954343058417,6449000
2006-09-30,242838000,14328000,2006-10-26,0.47,0.57,29594000,-24696000,22141000,0.48415219301209705,-46837000
2006-12-31,255767000,6209000,2007-02-01,0.21,0.44,29672000,30928000,38634000,0.20925451604205986,-7706000
2007-03-31,257738000,9305000,2007-04-26,0.31,0.42,29672000,17349000,25889000,0.3135953087085468,-8540000
2007-06-30,267269000,4405000,2007-08-03,0.15,0.5,29818000,17417000,33654000,0.14772955932658127,-16237000
2007-09-30,276252000,-3871000,2007-11-06,-0.13,0.52,29492000,4506000,42828000,-0.13125593381255934,-38322000
2007-12-31,291718000,7943000,2008-02-08,0.27,0.52,29612000,42027000,62867000,0.26823585033094693,-20840000
2008-03-31,273208000,-1492000,2008-05-04,0.44,0.48,29612000,7417000,35552000,-0.05038497906254221,-28135000
2008-06-30,297201000,5253000,2008-08-04,0.68,0.5,30051000,15212000,45412000,0.17480283518019368,-30200000
2008-09-30,266922000,760000,2008-11-03,0.5,0.49,29857000,9240000,34021000,0.02545466724721171,-24781000
2008-12-31,249186000,-80912000,2009-02-17,0.49,0.33,30046000,52169000,26011000,-2.6929374958397125,26158000
2009-03-31,209205000,-18897000,2009-05-04,0.09,0.19,30046000,-10968000,16866000,-0.628935632030886,-27834000
2009-06-30,212559000,-12744000,2009-08-03,0.16,0.15,30723000,7704000,11306000,-0.41480324187091105,-3602000
2009-09-30,217931000,-6264000,2009-11-02,0.31,0.16,30808000,22989000,8270000,-0.20332381199688393,14719000
2009-12-31,231350000,5525000,2010-02-08,0.52,0.26,31033000,-5750000,6054000,0.178036283955789,-11804000
2010-03-31,213873000,4265000,2010-05-05,0.21,0.3,31033000,16900000,7894000,0.1374343440853285,9006000
2010-06-30,227450000,7877000,2010-08-04,0.5,0.37,31161000,43922000,7967000,0.2527839286287346,35955000
2010-09-30,228414000,3627000,2010-11-03,0.17,0.34,31211000,9313000,4673000,0.1162090288680273,4640000
2010-12-31,244619000,20534000,2011-02-10,0.45,0.35,31384000,29437000,11057000,0.6542824369105277,18380000
2011-03-31,251850000,16733000,2011-05-04,0.54,0.3,31384000,21048000,5966000,0.5331697680346673,15082000
2011-06-30,244015000,8762000,2011-08-08,0.37,0.46,31489000,30750000,9680000,0.27825589888532504,21070000
2011-09-30,250012000,16674000,2011-11-02,0.45,0.42,31462000,22504000,4607000,0.5299726654376709,17897000
2011-12-31,68819000,-7231000,2012-02-08,0.25,0.42,31533000,30967000,8427000,-0.22931532045793296,22540000
2012-03-31,188553000,47041000,2012-05-02,0.16,0.36,31533000,-48677000,4339000,1.4918022389243015,-53016000
2012-06-30,191940000,-33745000,2012-08-01,0.5,0.27,31349000,-4771000,9859000,-1.0764298701712973,-14630000
2012-09-30,194589000,9463000,2012-10-31,0.29,0.36,31550000,43170000,11193000,0.2999366085578447,31977000
2012-12-31,194335000,8218000,2013-02-06,0.25,0.31,31681000,44785000,11816000,0.2593983775764654,32969000
2013-03-31,186654000,11511000,2013-05-01,0.28,0.3,31782000,4161000,13281000,0.36218614309986785,-9120000
2013-06-30,197974000,-7379000,2013-07-31,-0.22,0.38,31628000,28147000,15175000,-0.2333059314531428,12972000
2013-09-30,183147000,4698000,2013-11-04,0.15,0.37,32010000,30746000,19106000,0.14676663542642923,11640000
2013-12-31,189639000,8687000,2014-02-10,0.26,0.35,32020000,-423000,16895000,0.2712991880074953,-17318000
2014-03-31,180307000,10621000,2014-05-05,0.33,0.41,32051000,8848000,14897000,0.3313781161274219,-6049000
2014-06-30,193518000,11219000,2014-08-04,0.36,0.44,31935000,32689000,12820000,0.3513073430405511,19869000
2014-09-30,179861000,11812000,2014-11-03,0.37,0.36,31946000,22463000,18893000,0.36974895135541225,3570000
2014-12-31,191659000,7917000,2015-02-09,0.41,0.39,32006000,20196000,12263000,0.24735987002437043,7933000
2015-03-31,181324000,12213000,2015-05-04,0.36,0.41,31972000,6409000,12244000,0.3819904916802202,-5835000
2015-06-30,172289000,-2172000,2015-08-04,-0.07,0.47,31999000,10943000,18759000,-0.06787712116003625,-7816000
2015-09-30,178789000,9658000,2015-10-27,0.47,0.36,32055000,41893000,9275000,0.3012946498206208,32618000
2015-12-31,177466000,37580000,2016-02-08,0.46,0.34,32059000,36692000,10317000,1.1722137309335912,26375000
2016-03-31,172331000,13501000,2016-05-02,0.46,0.52,32081000,4044000,8075000,0.4208409962282971,-4031000
2016-06-30,203190000,10367000,2016-08-01,0.48,0.47,32131000,18609000,20701000,0.32264791011795463,-2092000
2016-09-30,191272000,13069000,2016-10-31,0.41,0.44,32141000,29174000,22515000,0.4066146043993653,6659000
2016-12-31,213046000,15796000,2017-02-08,0.43,0.43,32145000,27691000,22201000,0.4913983512210297,5490000
2017-03-31,199277000,10839000,2017-05-04,0.46,0.53,32164000,-4572000,25083000,0.336991667703022,-29655000
2017-06-30,215571000,1117000,2017-08-01,0.48,0.52,32200000,18648000,20701000,0.03468944099378882,-2053000
2017-09-30,222141000,15269000,2017-10-30,0.57,0.42,32214000,17898000,15466000,0.4739864655118892,2432000
2017-12-31,226728000,3732000,2018-02-05,0.43,0.42,32218000,40001000,22875000,0.11583586814824011,17126000
2018-03-31,229981000,10245000,2018-05-07,0.54,0.51,32236000,-18947000,15800000,0.3178123836704306,-34747000
2018-06-30,256225000,29902000,2018-08-06,0.82,0.54,32273000,35687000,23375000,0.9265330152139559,12312000
2018-09-30,253253000,27736000,2018-10-30,0.85,0.7,32280000,44715000,21519000,0.8592317224287485,23196000
2018-12-31,251613000,14066000,2019-02-11,0.74,0.74,32279000,71030000,22192000,0.43576318968989125,48838000
2019-03-31,251373000,29190000,2019-04-30,0.87,0.75,32285000,24566000,20820000,0.9041350472355583,3746000
2019-06-30,273949000,34054000,2019-07-30,1.09,0.85,32311000,58530000,14633000,1.0539444771130575,43897000
2019-09-30,271133000,40009000,2019-10-29,1.17,0.79,32317000,43497000,13699000,1.238017142680323,29798000
2019-12-31,257678000,29145000,2020-02-10,0.97,0.8,32317000,73759000,18803000,0.9018473249373394,54956000
2020-03-31,235764000,9109000,2020-04-29,0.78,0.62,32320000,-6638000,12805000,0.2818378712871287,-19443000
2020-06-30,225990000,32354000,2020-07-29,1.09,0.67,32336000,50672000,9212000,1.000556655121227,41460000
2020-09-30,211999000,29589000,2020-10-28,0.96,0.65,32344000,39659000,9458000,0.9148219144199852,30201000
2020-12-31,226857000,27537000,2021-02-10,0.89,0.66,32365000,56560000,10915000,0.8508265101189557,45645000
2021-03-31,222362000,27582000,2021-04-26,0.87,0.65,32401000,33686000,12534000,0.8512700225301688,21152000
2021-06-30,234519000,31397000,2021-07-26,1.01,0.73,32422000,61953000,10588000,0.9683856640552712,51365000
2021-09-30,232442000,30862000,2021-10-25,0.83,0.71,32434000,52859000,9024000,0.9515323426034409,43835000
2021-12-31,239918000,28636000,2022-02-15,0.86,0.64,32398000,68976000,21039000,0.8838817210938947,47937000
2022-03-31,244169000,27737000,2022-04-25,0.91,0.77,31961000,-5391000,15754000,0.8678389286943462,-21145000
2022-06-30,261369000,39201000,2022-07-25,1.06,0.82,31378000,43104000,20271000,1.2493148065523616,22833000
2022-09-30,260563000,10694000,2022-10-24,1.15,0.86,31223000,29594000,16807000,0.3425039233898088,12787000
2022-12-31,268786000,18130000,2023-02-13,0.75,0.67,31267000,60907000,43516000,0.579844564556881,17391000
2023-03-31,269096000,26889000,2023-04-25,0.91,0.82,31217000,-16393000,16275000,0.8613575936188616,-32668000
2023-06-30,274123000,26672000,2023-07-26,0.9,0.92,31269000,31068000,18696000,0.8529853848859893,12372000
2023-09-30,281106000,27109000,2023-11-06,1.02,0.92,31283000,59137000,14155000,0.8665728990186363,44982000
2023-12-31,323584000,30450000,2024-02-26,1.22,0.82,31332000,74244000,35303000,0.9718498659517426,38941000
2024-03-31,313330000,27291000,2024-04-29,0.9,0.87,31291000,9597000,26859000,0.8721677159566649,-17262000
2024-06-30,331994000,24624000,2024-08-06,0.89,0.91,31342000,83392000,19776000,0.7856550315870079,63616000
2024-09-30,298386000,18029000,2024-10-30,0.8,0.57,31367000,46996000,15369000,0.5747760385118118,31627000
2024-12-31,286905000,17679000,2025-02-24,0.58,0.9,31338000,78456000,19121000,0.5641393834960751,59335000
2025-03-31,288774000,17355000,2025-04-28,0.73,0.6217,30984000,2119000,15597000,0.560127807900852,-13478000
2025-06-30,311399000,9183000,2025-07-30,0.31,0.77,30090000,32714000,13929000,0.3051844466600199,18785000
2025-09-30,261434000,-97760000,2025-10-28,0.71,0.8657,29914000,43939000,18278000,-3.2680350337634554,25661000
