fiscalDateEnding,totalRevenue,netIncome,reportedDate,reportedEPS,estimatedEPS,commonStockSharesOutstanding,operatingCashflow,capitalExpenditures,eps_computed_simple,freeCashFlow
2011-03-31,55215000,3176000,2011-06-01,0.0485,,65511529,38549000,512323000,0.04848001639528212,-473774000
2011-06-30,74004000,7023000,2011-08-11,0.08,0.06,91163657,48483000,689857000,0.07703727813376332,-641374000
2011-09-30,90476000,18271000,2011-11-10,0.18,0.15,100767839,79165000,849828000,0.18131777143697603,-770663000
2011-12-31,113627000,24762000,2012-03-09,0.24,0.21,90416346,100969000,953214000,0.27386640906722776,-852245000
2012-03-31,131737000,26927000,2012-05-14,0.26,0.29,107426789,101522000,597829000,0.250654424754332,-496307000
2012-06-30,155050000,28172000,2012-08-09,0.28,0.26,107410967,138698000,965059000,0.2622823421746124,-826361000
2012-09-30,172856000,37011000,2012-11-08,0.36,0.32,107875105,132276000,345800000,0.3430912071881645,-213524000
2012-12-31,186210000,39809000,2013-02-28,0.38,0.36,107656463,118533000,483726000,0.3697780782562028,-365193000
2013-03-31,190103000,39996000,2013-05-09,0.38,0.38,108346885,161141000,659168000,0.36914766862009923,-498027000
2013-06-30,206299000,42990000,2013-08-08,0.41,0.4,108815938,146739000,564038000,0.39507080295535385,-417299000
2013-09-30,213835000,48578000,2013-11-08,0.46,0.44,109227709,184906000,498934000,0.44474062895524064,-314028000
2013-12-31,242901000,58847000,2014-02-27,0.55,0.48,109632661,161427000,616071000,0.5367652254650647,-454644000
2014-03-31,246285000,61397000,2014-05-08,0.57,0.5,110037382,180240000,363193000,0.5579649286821455,-182953000
2014-06-30,256325000,62037000,2014-08-07,0.58,0.52,110056625,197226000,788859000,0.5636825588645845,-591633000
2014-09-30,261939000,62433000,2014-11-06,0.58,0.56,110457170,193707000,703816000,0.5652236065798173,-510109000
2014-12-31,285944000,70131000,2015-02-26,0.65,0.61,110192771,197845000,553638000,0.6364392088842198,-355793000
2015-03-31,278315000,19332000,2015-05-07,0.61,0.59,110558709,209501000,716009000,0.17485732399425902,-506508000
2015-06-30,304702000,76118000,2015-08-06,0.7,0.68,110737844,192552000,1113020000,0.687371157415707,-920468000
2015-09-30,313126000,77042000,2015-11-05,0.71,0.71,110623960,184505000,541004000,0.6964314059992067,-356499000
2015-12-31,326697000,80899000,2016-02-25,0.7,0.71,110629779,253237000,535515000,0.7312588050998456,-282278000
2016-03-31,343328000,92858000,2016-05-05,0.83,0.77,110563526,227746000,712188000,0.8398610587003168,-484442000
2016-06-30,350139000,91803000,2016-08-04,0.83,0.82,110839180,277024000,980795000,0.8282540524027695,-703771000
2016-09-30,355101000,93276000,2016-11-03,0.86,0.82,110788913,256709000,550811000,0.8419254009649865,-294102000
2016-12-31,370487000,96988000,2017-02-23,0.89,0.86,111000951,258599000,749762000,0.873758279782666,-491163000
2017-03-31,360187000,84937000,2017-05-04,0.78,0.85,111429926,219664000,849267000,0.7622458620317131,-629603000
2017-06-30,380957000,100925000,2017-08-03,0.92,0.85,111564483,278299000,763602000,0.9046337802685824,-485303000
2017-09-30,376765000,99188000,2017-11-09,0.9,0.86,111709545,253673000,391500000,0.8879098021570135,-137827000
2017-12-31,398471000,471102000,2018-02-22,1.06,0.87,111954824,308077000,919071000,4.207965169951051,-610994000
2018-03-31,381209000,110651000,2018-05-10,1.0,1.0,112230410,246667000,481240000,0.9859270762710391,-234573000
2018-06-30,397814000,115211000,2018-08-09,1.04,1.04,112424582,341324000,1422699000,1.0247847752727246,-1081375000
2018-09-30,450698000,146574000,2018-11-08,1.32,1.23,112509612,282113000,722829000,1.302768691443003,-440716000
2018-12-31,449981000,138399000,2019-02-21,1.24,1.24,112325696,383997000,1149424000,1.232122345362543,-765427000
2019-03-31,466051000,138094000,2019-05-09,1.23,1.2,112380856,261249000,1141746000,1.228803596228169,-880497000
2019-06-30,471395000,124034000,2019-08-08,1.1,1.24,112807023,394999000,1445044000,1.0995237415315888,-1050045000
2019-09-30,530902000,151943000,2019-11-07,1.34,1.3,113263396,315308000,1399797000,1.3415013620110772,-1084489000
2019-12-31,548556000,164935000,2020-02-14,1.42,1.38,113728058,420916000,852735000,1.450257771921156,-431819000
2020-03-31,511387000,137151000,2020-05-07,1.17,1.23,113785028,234023000,737397000,1.2053519027125432,-503374000
2020-06-30,521349000,147625000,2020-08-06,1.26,1.06,113773127,234319000,299775000,1.2975383897113069,-65456000
2020-09-30,493601000,120395000,2020-11-09,1.02,1.05,113951102,249247000,464158000,1.0565496768956215,-214911000
2020-12-31,489102000,111093000,2021-02-22,0.94,0.77,114105700,372597000,1176893000,0.9735972874273591,-804296000
2021-03-31,474827000,84092000,2021-05-06,0.7,0.94,114237109,234290000,549684000,0.7361180682539856,-315394000
2021-06-30,491877000,93422000,2021-08-05,0.75,0.81,114377965,368375000,853731000,0.8167831977077054,-485356000
2021-09-30,524509000,107337000,2021-11-04,0.87,0.69,114381621,326723000,749003000,0.93841125052774,-422280000
2021-12-31,597176000,151781000,2022-02-17,1.24,0.84,114332498,447448000,1080249000,1.327540311416969,-632801000
2022-03-31,596661000,-468993000,2022-05-05,2.84,0.99,113894867,254694000,621319000,-4.117771172251336,-366625000
2022-06-30,557696000,116277000,2022-08-04,0.95,0.94,111043836,434145000,1400289000,1.0471270102736725,-966144000
2022-09-30,561334000,110381000,2022-11-03,0.9,0.92,111090133,269724000,736030000,0.9936165977945134,-466306000
2022-12-31,573410000,145311000,2023-02-16,1.21,1.01,111162063,423587000,881990000,1.3071995614187188,-458403000
2023-03-31,636142000,128720000,2023-05-01,1.06,0.94,111199996,348490000,1294767000,1.1575539984731653,-946277000
2023-06-30,627804000,132401000,2023-08-03,1.1,1.07,111239004,532409000,1382208000,1.190238992071522,-849799000
2023-09-30,659364000,132450000,2023-11-06,1.1,1.03,111346799,401407000,560131000,1.1895267864862464,-158724000
2023-12-31,716568000,221051000,2024-02-15,1.89,1.08,111410767,464574000,1290805000,1.9841080530394337,-826231000
2024-03-31,663310000,107866000,2024-05-06,0.87,0.94,111529770,371330000,830725000,0.9671498470767043,-459395000
2024-06-30,667288000,102946000,2024-08-01,0.81,0.9,111740821,413813000,1006544000,0.9212926760221316,-592731000
2024-09-30,690164000,103971000,2024-11-07,1.25,0.8,111804113,461912000,1724944000,0.9299389549291447,-1263032000
2024-12-31,712895000,112921000,2025-02-13,1.34,0.75,111902000,429964000,998801000,1.009106182195135,-568837000
2025-03-31,738282000,375832000,2025-05-05,1.19,1.18,112030382,388346000,838370000,3.3547328259578726,-450024000
2025-06-30,731696000,385167000,2025-08-04,1.09,0.85,112233226,473611000,1221663000,3.431844683855029,-748052000
2025-09-30,725393000,146456000,2025-11-06,0.9982,1.16,112341139,458596000,510960000,1.303672023478416,-52364000
