fiscalDateEnding,totalRevenue,netIncome,reportedDate,reportedEPS,estimatedEPS,commonStockSharesOutstanding,operatingCashflow,capitalExpenditures,eps_computed_simple,freeCashFlow
2005-09-30,845700000,90200000,2005-10-20,0.54,0.53,135428000,89900000,71600000,0.6660365655551289,18300000
2005-12-31,730600000,-33000000,2006-01-26,0.01,-0.01,133856000,91700000,108300000,-0.24653358833373176,-16600000
2006-03-31,735400000,-79100000,2006-04-20,0.02,-0.09,133856000,85200000,173200000,-0.5909335405211571,-88000000
2006-06-30,873000000,55500000,2006-07-25,0.37,0.32,160304000,152200000,127300000,0.34621718734404633,24900000
2006-09-30,935700000,-17400000,2006-10-24,0.48,0.52,159816000,151500000,216600000,-0.10887520648746057,-65100000
2006-12-31,790300000,-11600000,2007-01-25,-0.02,0.01,161460000,60900000,165000000,-0.07184441967050663,-104100000
2007-03-31,759400000,-10300000,2007-04-26,-0.1,-0.08,161460000,64100000,254000000,-0.0637928898798464,-189900000
2007-06-30,904400000,46100000,2007-07-26,0.28,0.32,163128000,203100000,219200000,0.28260016674022853,-16100000
2007-09-30,995100000,81800000,2007-10-25,0.51,0.48,163100000,106200000,186100000,0.5015328019619865,-79900000
2007-12-31,847100000,3400000,2008-01-24,-0.11,-0.08,148096000,108600000,175100000,0.022958081244598097,-66500000
2008-03-31,839500000,-35900000,2008-04-24,-0.24,-0.24,148096000,34400000,144100000,-0.24241032843560933,-109700000
2008-06-30,930800000,63100000,2008-07-24,-0.1,-0.1,145020000,69700000,140000000,0.43511239828989107,-70300000
2008-09-30,1065200000,-86500000,2008-10-23,0.28,0.25,144276000,36900000,126400000,-0.5995453159222601,-89500000
2008-12-31,827100000,-75200000,2009-01-29,0.11,-0.03,145304000,23300000,2300000,-0.517535649397126,21000000
2009-03-31,742400000,-19200000,2009-04-23,-0.17,-0.12,145304000,15300000,226200000,-0.1321367615482024,-210900000
2009-06-30,843900000,29100000,2009-07-23,0.18,0.13,146364000,110700000,82300000,0.19881938181520045,28400000
2009-09-30,967400000,87600000,2009-10-22,0.58,0.56,142724000,179600000,38800000,0.6137720355371206,140800000
2009-12-31,846100000,24100000,2010-01-28,0.03,0.08,145572000,-300000,91100000,0.16555381529414998,-91400000
2010-03-31,829900000,5300000,2010-04-22,0.09,0.08,145572000,54500000,25900000,0.036408100458879454,28600000
2010-06-30,976400000,58600000,2010-07-22,0.57,0.5,146788000,279100000,85900000,0.3992151947025642,193200000
2010-09-30,1067500000,122400000,2010-10-21,0.8,0.77,147320000,172800000,42100000,0.8308444203095303,130700000
2010-12-31,958500000,64800000,2011-01-25,0.32,0.25,147364000,47300000,29100000,0.43972747753861186,18200000
2011-03-31,965200000,74200000,2011-04-21,0.2,0.17,147364000,118800000,149100000,0.5035151054531636,-30300000
2011-06-30,1110200000,28800000,2011-07-21,0.61,0.61,146946000,249900000,92000000,0.19599036380711282,157900000
2011-09-30,1198100000,77500000,2011-10-20,0.9,0.83,146476000,240100000,53400000,0.5290969169010623,186700000
2011-12-31,1044300000,64000000,2012-01-26,0.26,0.29,145318000,87200000,92900000,0.4404134381150305,-5700000
2012-03-31,1039300000,41000000,2012-04-19,0.2,0.18,145318000,183300000,98100000,0.2821398587924414,85200000
2012-06-30,1213200000,68000000,2012-07-26,0.77,0.75,144400000,272400000,156700000,0.4709141274238227,115700000
2012-09-30,1272200000,163000000,2012-10-25,1.05,1.05,143766000,181600000,84900000,1.1337868480725624,96700000
2012-12-31,1132000000,44000000,2013-01-24,0.35,0.36,144298000,115700000,234300000,0.3049245311785333,-118600000
2013-03-31,1133000000,37000000,2013-04-25,0.31,0.28,142828000,212000000,103000000,0.25905284678074325,109000000
2013-06-30,1256000000,104000000,2013-07-25,0.74,0.75,142319000,380000000,155000000,0.7307527455926475,225000000
2013-09-30,1557000000,289000000,2013-10-24,1.11,1.07,141383000,230000000,137000000,2.0440929956218215,93000000
2013-12-31,1210000000,78000000,2014-01-23,0.55,0.53,140484000,159000000,171000000,0.5552233706329547,-12000000
2014-03-31,1222000000,94000000,2014-04-25,0.64,0.6,138822000,242000000,93000000,0.6771261039316535,149000000
2014-06-30,1375000000,165000000,2014-07-24,1.13,1.11,138711000,393000000,257000000,1.1895235417522763,136000000
2014-09-30,1465000000,198000000,2014-10-23,1.47,1.42,136158000,257000000,209000000,1.454192922927775,48000000
2014-12-31,1306000000,148000000,2015-01-22,0.94,0.93,133705000,138000000,135000000,1.106914475898433,3000000
2015-03-31,1269000000,149000000,2015-04-23,1.12,1.1,132230000,514000000,279000000,1.1268244725100205,235000000
2015-06-30,1437000000,234000000,2015-07-23,1.76,1.73,130255000,375000000,280000000,1.7964761429503666,95000000
2015-09-30,1515000000,274000000,2015-10-22,2.16,2.1,128205000,340000000,109000000,2.137202137202137,231000000
2015-12-31,1377000000,191000000,2016-01-21,1.46,1.41,126818000,355000000,163000000,1.5060953492406441,192000000
2016-03-31,1347000000,184000000,2016-04-21,1.45,1.42,125328000,525000000,119000000,1.468147580748117,406000000
2016-06-30,1494000000,260000000,2016-07-21,2.12,2.09,123988000,374000000,221000000,2.0969771268187243,153000000
2016-09-30,1566000000,256000000,2016-10-20,2.2,2.06,123833000,307000000,169000000,2.0673003157478216,138000000
2016-12-31,1524000000,114000000,2017-02-08,1.56,1.42,124102000,180000000,169000000,0.9185992167732994,11000000
2017-03-31,1749000000,93000000,2017-04-26,1.05,1.01,124299000,470000000,216000000,0.7481958825091111,254000000
2017-06-30,2102000000,293000000,2017-07-26,2.51,2.52,124332000,614000000,296000000,2.3565936363928834,318000000
2017-09-30,2120000000,259000000,2017-10-25,2.24,2.26,124220000,273000000,329000000,2.085010465303494,-56000000
2017-12-31,1942000000,315000000,2018-01-25,0.83,0.82,123529412,233000000,185000000,2.549999995142857,48000000
2018-03-31,1832000000,4000000,2018-04-23,0.14,0.12,123630000,306000000,235000000,0.0323546064870986,71000000
2018-06-30,2156000000,193000000,2018-07-26,1.66,1.62,124036000,420000000,188000000,1.555999871005192,232000000
2018-09-30,2212000000,217000000,2018-10-25,1.91,1.81,123864000,260000000,131000000,1.751921462248918,129000000
2018-12-31,2064000000,23000000,2019-01-24,0.75,0.71,124095000,209000000,406000000,0.18534187517627623,-197000000
2019-03-31,1876000000,4000000,2019-04-25,0.17,0.15,123915000,468000000,115000000,0.0322801920671428,353000000
2019-06-30,2288000000,262000000,2019-07-25,2.17,2.13,124301000,565000000,218000000,2.1077867434694815,347000000
2019-09-30,2389000000,322000000,2019-10-24,2.63,2.52,124067000,348000000,194000000,2.5953718555296734,154000000
2019-12-31,2228000000,181000000,2020-01-28,1.46,1.41,124245000,341000000,169000000,1.4567990663608192,172000000
2020-03-31,1636000000,-232000000,2020-05-05,-0.82,-1.14,122818000,33000000,119000000,-1.8889739289029295,-86000000
2020-06-30,421000000,-214000000,2020-07-23,-3.54,-3.86,123296000,288000000,49000000,-1.735660524266805,239000000
2020-09-30,701000000,-431000000,2020-10-22,-3.23,-2.93,123647000,-205000000,36000000,-3.4857295365031096,-241000000
2020-12-31,808000000,-447000000,2021-01-26,-2.55,-2.93,124013000,-350000000,2000000,-3.6044608226556893,-352000000
2021-03-31,797000000,-131000000,2021-04-22,-3.51,-3.64,124299000,167000000,27000000,-1.0539103291257372,140000000
2021-06-30,1527000000,397000000,2021-07-22,-0.3,-0.44,126825000,840000000,75000000,3.1302976542479795,765000000
2021-09-30,1953000000,194000000,2021-10-21,1.47,1.33,127188000,-106000000,88000000,1.5253011290373306,-194000000
2021-12-31,1899000000,18000000,2022-01-27,0.24,0.22,127284000,129000000,102000000,0.14141604600735364,27000000
2022-03-31,1681000000,-143000000,2022-04-21,-1.33,-1.51,125984000,287000000,288000000,-1.1350647701295402,-1000000
2022-06-30,2658000000,139000000,2022-07-21,2.19,1.97,127795000,948000000,344000000,1.0876794866778825,604000000
2022-09-30,2828000000,40000000,2022-10-20,2.53,2.39,128370000,174000000,315000000,0.3115992833216484,-141000000
2022-12-31,2479000000,22000000,2023-01-26,0.92,0.93,128470000,9000000,724000000,0.17124620533976803,-715000000
2023-03-31,2196000000,-142000000,2023-04-20,-0.62,-0.48,127501000,222000000,124000000,-1.1137167551627045,98000000
2023-06-30,2838000000,240000000,2023-07-25,3.0,2.7,128919000,610000000,510000000,1.8616340492867613,100000000
2023-09-30,2839000000,139000000,2023-10-19,1.83,1.87,129187999,271000000,357000000,1.0759513350771848,-86000000
2023-12-31,2553000000,-2000000,2024-01-25,0.3,0.18,127376000,-53000000,503000000,-0.015701545032031153,-556000000
2024-03-31,2232000000,-132000000,2024-04-18,-0.92,-1.05,125970000,292000000,57000000,-1.047868540128602,235000000
2024-06-30,2897000000,220000000,2024-07-17,2.55,2.38,128310000,580000000,530000000,1.7145974592783104,50000000
2024-09-30,3072000000,236000000,2024-10-31,2.25,2.22,128590000,318000000,265000000,1.8352904580449492,53000000
2024-12-31,3534000000,71000000,2025-01-22,0.97,0.47,128931000,274000000,429000000,0.5506821478154982,-155000000
2025-03-31,3137000000,-166000000,2025-04-23,-0.77,-0.77,123134000,459000000,238000000,-1.3481248071206977,221000000
2025-06-30,3704000000,172000000,2025-07-23,1.42,1.6,123183000,376000000,503000000,1.3962965668964062,-127000000
2025-09-30,3766000000,73000000,2025-10-23,1.05,1.1,121193000,229000000,222000000,0.6023450199268935,7000000
