fiscalDateEnding,totalRevenue,netIncome,reportedDate,reportedEPS,estimatedEPS,commonStockSharesOutstanding,operatingCashflow,capitalExpenditures,eps_computed_simple,freeCashFlow
2005-09-30,1522755000,76000000,2005-10-11,0.18,0.08,443681000,429086000,362296000,0.1712942406819314,66790000
2005-12-31,1838276000,95587000,2006-01-18,0.45,0.26,468051000,537279000,329140000,0.204223471373846,208139000
2006-03-31,1332158000,184524000,2006-04-12,0.42,0.3,495326000,566349000,310326000,0.3725304143129979,256023000
2006-06-30,1216367000,88847000,2006-07-20,0.18,0.2,500176000,218850000,455364000,0.17763147372125013,-236514000
2006-09-30,1327622000,134455000,2006-10-18,0.23,0.23,497000000,230185000,424892000,0.27053319919517105,-194707000
2006-12-31,1772853000,-573826000,2007-01-23,-0.04,0.12,520500000,271616000,666418000,-1.1024514889529298,-394802000
2007-03-31,1233000000,-611000000,2007-04-19,-0.9,-0.43,549000000,41000000,586000000,-1.1129326047358834,-545000000
2007-06-30,1378000000,-600000000,2007-07-19,-0.92,-0.79,552000000,-635000000,414000000,-1.0869565217391304,-1049000000
2007-09-30,1632000000,-396000000,2007-10-18,-0.49,-0.61,554000000,223000000,419000000,-0.7148014440433214,-196000000
2007-12-31,1770000000,-1772000000,2008-01-17,-0.17,-0.33,582000000,61000000,266000000,-3.0446735395189,-205000000
2008-03-31,1505000000,-358000000,2008-04-17,-0.51,-0.47,606000000,16000000,323000000,-0.5907590759075908,-307000000
2008-06-30,1349000000,-1189000000,2008-07-17,-0.6,-0.52,607000000,-242000000,106000000,-1.9588138385502472,-348000000
2008-09-30,1776000000,-127000000,2008-10-16,-0.18,-0.39,608000000,-216000000,82000000,-0.20888157894736842,-298000000
2008-12-31,1227000000,-1424000000,2009-01-22,-0.69,-0.56,616500000,-250000000,113000000,-2.3098134630981346,-363000000
2009-03-31,1177000000,-408000000,2009-04-21,-0.62,-0.63,626000000,-391000000,84000000,-0.6517571884984026,-475000000
2009-06-30,1184000000,-335000000,2009-07-21,-0.62,-0.51,667000000,-144000000,112000000,-0.5022488755622189,-256000000
2009-09-30,1396000000,-106000000,2009-10-15,-0.18,-0.45,694000000,-142000000,97000000,-0.15273775216138327,-239000000
2009-12-31,1646000000,1200000000,2010-01-21,-0.08,-0.05,716000000,1150000000,173000000,1.675977653631285,977000000
2010-03-31,1574000000,257000000,2010-04-15,0.06,-0.07,754000000,23000000,48000000,0.34084880636604775,-25000000
2010-06-30,1653000000,-43000000,2010-07-15,0.11,0.06,709000000,-98000000,31000000,-0.06064880112834979,-129000000
2010-09-30,1618000000,-118000000,2010-10-14,0.15,0.08,713000000,-124000000,31000000,-0.16549789621318373,-155000000
2010-12-31,1649000000,375000000,2011-01-20,0.14,0.11,748500000,-213000000,38000000,0.501002004008016,-251000000
2011-03-31,1613000000,510000000,2011-04-21,0.08,0.05,764000000,-168000000,38000000,0.6675392670157068,-206000000
2011-06-30,1574000000,61000000,2011-07-21,0.09,0.08,743000000,174000000,67000000,0.08209959623149395,107000000
2011-09-30,1690000000,97000000,2011-10-27,0.15,0.1,741000000,189000000,58000000,0.13090418353576247,131000000
2011-12-31,1691000000,-177000000,2012-01-24,0.19,0.16,738000000,187000000,87000000,-0.23983739837398374,100000000
2012-03-31,1585000000,-590000000,2012-04-19,0.12,0.09,734000000,107000000,40000000,-0.8038147138964578,67000000
2012-06-30,1413000000,37000000,2012-07-19,0.06,0.07,755000000,81000000,39000000,0.04900662251655629,42000000
2012-09-30,1269000000,-157000000,2012-10-18,-0.2,-0.16,745000000,-240000000,32000000,-0.21073825503355706,-272000000
2012-12-31,1155000000,-473000000,2013-01-22,-0.14,-0.21,747000000,-286000000,22000000,-0.6331994645247657,-308000000
2013-03-31,1088000000,-146000000,2013-04-18,-0.13,-0.17,749000000,-155000000,20000000,-0.19492656875834447,-175000000
2013-06-30,1161000000,-74000000,2013-07-18,-0.09,-0.12,752000000,-35000000,28000000,-0.09840425531914894,-63000000
2013-09-30,1461000000,48000000,2013-10-17,0.04,0.02,764000000,21000000,15000000,0.06282722513089005,6000000
2013-12-31,1589000000,89000000,2014-01-21,0.06,0.06,766000000,21000000,21000000,0.11618798955613577,0
2014-03-31,1397000000,-20000000,2014-04-17,0.02,0.01,761000000,-204000000,21000000,-0.026281208935611037,-225000000
2014-06-30,1441000000,-36000000,2014-07-17,0.02,0.03,764000000,-28000000,23000000,-0.04712041884816754,-51000000
2014-09-30,1429000000,17000000,2014-10-16,0.03,0.04,785000000,18000000,29000000,0.02165605095541401,-11000000
2014-12-31,1239000000,-364000000,2015-01-20,-0.09,0.01,776000000,116000000,22000000,-0.4690721649484536,94000000
2015-03-31,1030000000,-180000000,2015-04-16,-0.09,-0.06,777000000,-173000000,22000000,-0.23166023166023167,-195000000
2015-06-30,942000000,-181000000,2015-07-16,-0.17,-0.16,778000000,-58000000,17000000,-0.2326478149100257,-75000000
2015-09-30,1061000000,-197000000,2015-10-15,-0.17,-0.12,785000000,-59000000,25000000,-0.25095541401273885,-84000000
2015-12-31,958000000,-102000000,2016-01-19,-0.1,-0.1,791000000,53000000,32000000,-0.12895069532237674,21000000
2016-03-31,832000000,-109000000,2016-04-21,-0.12,-0.13,793000000,-42000000,26000000,-0.13745271122320302,-68000000
2016-06-30,1027000000,69000000,2016-07-21,-0.05,-0.09,821000000,-85000000,21000000,0.08404384896467722,-106000000
2016-09-30,1307000000,-406000000,2016-10-20,0.03,0.004,815000000,29000000,9000000,-0.498159509202454,20000000
2016-12-31,1106000000,-51000000,2017-01-31,-0.01,-0.02,931000000,188000000,21000000,-0.05477980665950591,167000000
2017-03-31,984000000,-73000000,2017-05-01,-0.04,-0.04,939000000,-299000000,23000000,-0.0777422790202343,-322000000
2017-06-30,1222000000,-16000000,2017-07-25,0.02,0.0003,945000000,-82000000,12000000,-0.016931216931216932,-94000000
2017-09-30,1643000000,71000000,2017-10-24,0.1,0.08,1042000000,66000000,34000000,0.06813819577735125,32000000
2017-12-31,1480000000,61000000,2018-01-30,0.08,0.05,965000000,383000000,44000000,0.06321243523316063,339000000
2018-03-31,1647000000,81000000,2018-04-25,0.11,0.09,1039000000,-86000000,46000000,0.07795957651588066,-132000000
2018-06-30,1756000000,116000000,2018-07-25,0.14,0.13,1147000000,-45000000,43000000,0.1011333914559721,-88000000
2018-09-30,1653000000,102000000,2018-10-24,0.13,0.12,1076000000,95000000,33000000,0.09479553903345725,62000000
2018-12-31,1419000000,38000000,2019-01-29,0.08,0.08,1079000000,70000000,41000000,0.03521779425393883,29000000
2019-03-31,1272000000,16000000,2019-04-30,0.06,0.06,1094000000,-213000000,62000000,0.014625228519195612,-275000000
2019-06-30,1531000000,35000000,2019-07-30,0.08,0.08,1109000000,30000000,58000000,0.031559963931469794,-28000000
2019-09-30,1801000000,120000000,2019-10-29,0.18,0.18,1117000000,234000000,55000000,0.10743061772605192,179000000
2019-12-31,2127000000,170000000,2020-01-28,0.32,0.31,1188000000,442000000,42000000,0.14309764309764308,400000000
2020-03-31,1786000000,162000000,2020-04-28,0.18,0.18,1224000000,-65000000,55000000,0.1323529411764706,-120000000
2020-06-30,1932000000,157000000,2020-07-28,0.18,0.17,1227000000,243000000,91000000,0.12795436022819887,152000000
2020-09-30,2801000000,390000000,2020-10-27,0.41,0.36,1215000000,339000000,74000000,0.32098765432098764,265000000
2020-12-31,3244000000,1781000000,2021-01-26,0.52,0.48,1226000000,554000000,74000000,1.4526916802610115,480000000
2021-03-31,3445000000,555000000,2021-04-27,0.52,0.44,1231000000,898000000,66000000,0.45085296506904954,832000000
2021-06-30,3850000000,710000000,2021-07-27,0.63,0.54,1232000000,952000000,64000000,0.5762987012987013,888000000
2021-09-30,4313000000,923000000,2021-10-26,0.73,0.66,1230000000,849000000,85000000,0.7504065040650406,764000000
2021-12-31,4826000000,974000000,2022-02-01,0.92,0.76,1222000000,822000000,86000000,0.7970540098199672,736000000
2022-03-31,5887000000,786000000,2022-05-03,1.13,0.92,1410000000,995000000,71000000,0.5574468085106383,924000000
2022-06-30,6550000000,447000000,2022-08-02,1.05,1.04,1632000000,1038000000,132000000,0.27389705882352944,906000000
2022-09-30,5565000000,66000000,2022-11-01,0.67,0.7,1625000000,965000000,123000000,0.040615384615384616,842000000
2022-12-31,5599000000,21000000,2023-01-31,0.69,0.67,1618000000,567000000,124000000,0.012978986402966625,443000000
2023-03-31,5353000000,-139000000,2023-05-02,0.6,0.56,1611000000,486000000,158000000,-0.08628181253879579,328000000
2023-06-30,5359000000,27000000,2023-08-01,0.58,0.57,1627000000,379000000,125000000,0.016594960049170254,254000000
2023-09-30,5800000000,299000000,2023-10-31,0.7,0.68,1629000000,421000000,124000000,0.18354818907305095,297000000
2023-12-31,6168000000,667000000,2024-01-30,0.77,0.77,1628000000,381000000,139000000,0.4097051597051597,242000000
2024-03-31,5473000000,123000000,2024-04-30,0.62,0.61,1639000000,521000000,142000000,0.075045759609518,379000000
2024-06-30,5835000000,265000000,2024-07-30,0.69,0.68,1637000000,593000000,154000000,0.16188149053145998,439000000
2024-09-30,6819000000,771000000,2024-10-29,0.92,0.92,1636000000,628000000,132000000,0.4712713936430318,496000000
2024-12-31,7658000000,482000000,2025-02-04,1.09,1.09,1634000000,1299000000,208000000,0.29498164014687883,1091000000
2025-03-31,7438000000,709000000,2025-05-06,0.96,0.93,1626000000,939000000,212000000,0.4360393603936039,727000000
2025-06-30,7685000000,872000000,2025-08-05,0.54,-0.05,1630000000,2011000000,282000000,0.5349693251533743,1729000000
2025-09-30,9246000000,1243000000,2025-11-04,1.2,1.17,1641000000,2159000000,258000000,0.7574649603900061,1901000000
