fiscalDateEnding,totalRevenue,netIncome,reportedDate,reportedEPS,estimatedEPS,commonStockSharesOutstanding,operatingCashflow,capitalExpenditures,eps_computed_simple,freeCashFlow
2005-09-30,5196400000,129300000,2005-10-27,0.41,0.39,267200000,245400000,34400000,0.4839071856287425,211000000
2005-12-31,4460500000,75300000,2006-02-09,0.31,0.33,267400000,146100000,39600000,0.28160059835452506,106500000
2006-03-31,4674000000,87200000,2006-04-27,0.37,0.37,262800000,83400000,19800000,0.3318112633181126,63600000
2006-06-30,5010800000,72700000,2006-07-27,0.42,0.43,225200000,69700000,29100000,0.3228241563055062,40600000
2006-09-30,4961500000,81800000,2006-10-26,0.4,0.43,215000000,220700000,87600000,0.38046511627906976,133100000
2006-12-31,4421000000,75200000,2007-02-07,0.35,0.34,210700000,-74700000,39200000,0.35690555291884196,-113900000
2007-03-31,4395300000,77600000,2007-04-26,0.39,0.4,210700000,106700000,42400000,0.368296155671571,64300000
2007-06-30,4559300000,77300000,2007-07-26,0.38,0.42,208600000,-136400000,36800000,0.37056567593480344,-173200000
2007-09-30,4601800000,72100000,2007-10-24,0.39,0.38,196100000,149700000,49400000,0.3676695563488016,100300000
2007-12-31,4203100000,51700000,2008-02-07,0.27,0.31,180600000,88400000,31200000,0.2862679955703212,57200000
2008-03-31,3999400000,50700000,2008-04-24,0.31,0.34,180600000,191900000,21700000,0.2807308970099668,170200000
2008-06-30,3909600000,51800000,2008-07-24,0.33,0.3,178700000,138900000,19400000,0.28987129266927814,119500000
2008-09-30,3543400000,-1412700000,2008-11-06,0.25,0.29,176700000,236600000,56100000,-7.99490662139219,180500000
2008-12-31,2724300000,67100000,2009-01-29,0.12,0.11,177000000,118000000,20200000,0.3790960451977401,97800000
2009-03-31,2473100000,34600000,2009-04-23,0.23,0.16,176800000,123800000,20300000,0.19570135746606335,103500000
2009-06-30,2609600000,36700000,2009-07-31,0.29,0.24,177800000,107100000,13700000,0.2064116985376828,93400000
2009-09-30,2915700000,65000000,2009-10-29,0.36,0.35,179200000,117800000,6400000,0.3627232142857143,111400000
2009-12-31,2815000000,61700000,2010-02-11,0.29,0.27,176500000,20700000,35000000,0.3495750708215297,-14300000
2010-03-31,2847200000,55200000,2010-04-22,0.34,0.32,171700000,69400000,14000000,0.3214909726266744,55400000
2010-06-30,3109000000,47200000,2010-07-22,0.38,0.36,163200000,63300000,26300000,0.28921568627450983,37000000
2010-09-30,3273900000,56900000,2010-10-28,0.39,0.42,149600000,65000000,37400000,0.3803475935828877,27600000
2010-12-31,3246200000,67300000,2011-02-03,0.45,0.35,156900000,54100000,81500000,0.4289356277884003,-27400000
2011-03-31,3311100000,69400000,2011-04-26,0.46,0.43,151800000,153500000,24700000,0.45718050065876153,128800000
2011-06-30,3336300000,71900000,2011-07-27,0.49,0.46,150000000,-28400000,38900000,0.47933333333333333,-67300000
2011-09-30,3506500000,70700000,2011-10-20,0.48,0.47,147000000,186000000,50200000,0.48095238095238096,135800000
2011-12-31,3678400000,69400000,2012-01-26,0.51,0.49,140600000,65300000,35300000,0.49359886201991465,30000000
2012-03-31,3657000000,73000000,2012-04-25,0.56,0.53,132300000,100100000,36300000,0.5517762660619804,63800000
2012-06-30,3904500000,78600000,2012-07-19,0.66,0.59,123700000,19400000,48500000,0.635408245755861,-29100000
2012-09-30,3933800000,81600000,2012-10-25,0.66,0.67,123400000,192200000,39800000,0.6612641815235009,152400000
2012-12-31,4173500000,83200000,2013-01-31,0.67,0.64,123800000,4900000,69600000,0.6720516962843296,-64700000
2013-03-31,4096400000,83000000,2013-04-18,0.68,0.64,123000000,235100000,37700000,0.6747967479674797,197400000
2013-06-30,4426500000,89900000,2013-07-18,0.73,0.73,123300000,43700000,33200000,0.7291159772911597,10500000
2013-09-30,4470800000,92600000,2013-10-24,0.75,0.77,123500000,189500000,81600000,0.7497975708502024,107900000
2013-12-31,4523900000,109400000,2014-01-30,0.83,0.76,123300000,15800000,50200000,0.8872668288726683,-34400000
2014-03-31,4363500000,95100000,2014-04-17,0.75,0.73,121300000,215600000,49700000,0.7840065952184666,165900000
2014-06-30,4788500000,100400000,2014-07-17,0.83,0.87,120800000,-4700000,52400000,0.8311258278145696,-57100000
2014-09-30,4909000000,106500000,2014-10-28,0.9,0.86,118500000,242000000,50200000,0.8987341772151899,191800000
2014-12-31,5047800000,116700000,2015-02-03,1.03,0.91,114900000,32200000,57300000,1.0156657963446476,-25100000
2015-03-31,4944200000,111500000,2015-04-22,0.97,0.89,115100000,199600000,66400000,0.9687228496959166,133200000
2015-06-30,5224300000,115100000,2015-07-22,1.0,1.02,115100000,42700000,68800000,1.0,-26100000
2015-09-30,5353700000,118500000,2015-10-28,1.05,1.05,113600000,233000000,52800000,1.0431338028169015,180200000
2015-12-31,5339800000,97500000,2016-01-28,0.96,1.03,112000000,31900000,69800000,0.8705357142857143,-37900000
2016-03-31,5119600000,95900000,2016-04-22,0.96,0.93,107400000,198200000,59700000,0.8929236499068901,138500000
2016-06-30,5441400000,112000000,2016-07-29,1.08,1.05,103600000,30000000,63400000,1.0810810810810811,-33400000
2016-09-30,5567500000,107300000,2016-10-28,1.11,1.15,102600000,250600000,69500000,1.0458089668615984,181100000
2016-12-31,5480500000,115300000,2017-02-03,0.95,0.96,101500000,37200000,56900000,1.1359605911330048,-19700000
2017-03-31,5139400000,98100000,2017-04-25,0.97,0.91,101600000,185600000,93400000,0.9655511811023622,92200000
2017-06-30,5279300000,87700000,2017-08-02,0.86,0.97,101500000,53100000,78400000,0.864039408866995,-25300000
2017-09-30,5432400000,97500000,2017-11-02,1.0,0.84,97700000,218300000,59100000,0.9979529170931423,159200000
2017-12-31,5683500000,151300000,2018-01-31,1.02,0.92,92300000,83100000,82500000,1.6392199349945829,600000
2018-03-31,5259900000,93700000,2018-05-01,1.01,1.0,92700000,198700000,101500000,1.0107874865156419,97200000
2018-06-30,5392000000,97600000,2018-08-01,1.14,1.13,91200000,92000000,101400000,1.0701754385964912,-9400000
2018-09-30,5349200000,112000000,2018-10-30,1.24,1.24,90800000,244400000,80300000,1.2334801762114538,164100000
2018-12-31,5411700000,92700000,2019-02-22,1.02,1.14,90882353,-24100000,117600000,1.019999999339806,-141700000
2019-03-31,4981800000,92000000,2019-04-26,1.01,0.91,90700000,259700000,60000000,1.014332965821389,199700000
2019-06-30,5343800000,100800000,2019-07-22,1.2,1.06,90200000,165800000,62700000,1.1175166297117516,103100000
2019-09-30,5461200000,99500000,2019-10-29,1.1,1.05,90400000,240000000,63600000,1.1006637168141593,176400000
2019-12-31,5548900000,157700000,2020-02-11,1.32,1.14,90700000,103700000,83000000,1.7386990077177509,20700000
2020-03-31,4667000000,-232300000,2020-05-11,0.91,0.66,90000000,113700000,42200000,-2.581111111111111,71500000
2020-06-30,4533000000,279800000,2020-07-23,1.41,0.37,88100000,780600000,33100000,3.1759364358683313,747500000
2020-09-30,5404900000,182600000,2020-10-21,2.38,1.65,88900000,270000000,37800000,2.0539932508436447,232200000
2020-12-31,5785100000,151500000,2021-02-16,2.43,2.01,87700000,43300000,42900000,1.727480045610034,400000
2021-03-31,5903800000,239400000,2021-04-20,2.79,1.88,83900000,526300000,41300000,2.8533969010727054,485000000
2021-06-30,6978400000,384800000,2021-07-19,4.83,2.81,79700000,404000000,74900000,4.828105395232121,329100000
2021-09-30,6379500000,361700000,2021-10-21,5.12,4.2,70700000,628900000,45100000,5.115983026874116,583800000
2021-12-31,6582300000,387100000,2022-02-17,5.76,4.96,66000000,68500000,54400000,5.865151515151515,14100000
2022-03-31,6752800000,362100000,2022-04-21,5.78,5.25,62600000,643200000,56600000,5.784345047923322,586600000
2022-06-30,6869200000,376300000,2022-07-21,6.48,6.22,58100000,251800000,103700000,6.476764199655766,148100000
2022-09-30,6666000000,352600000,2022-10-27,6.31,6.27,55900000,548300000,75900000,6.3076923076923075,472400000
2022-12-31,6697000000,286400000,2023-02-17,6.37,5.83,50100000,224800000,92800000,5.716566866267465,132000000
2023-03-31,6398700000,288700000,2023-04-20,6.07,5.74,47600000,510000000,95300000,6.065126050420168,414700000
2023-06-30,6890100000,272500000,2023-07-21,6.29,5.91,45300000,-3000000,103700000,6.015452538631346,-106700000
2023-09-30,6892700000,243700000,2023-10-27,5.54,5.49,44000000,255600000,87000000,5.538636363636364,168600000
2023-12-31,6767400000,216200000,2024-02-13,5.02,4.95,42900000,-38600000,124300000,5.03962703962704,-162900000
2024-03-31,6485700000,190100000,2024-04-26,4.49,4.27,42300000,294500000,93700000,4.494089834515367,200800000
2024-06-30,6480400000,130200000,2024-07-31,3.99,4.34,40700000,-59600000,87500000,3.199017199017199,-147100000
2024-09-30,6586100000,185800000,2024-10-25,4.02,4.38,40300000,-70000000,81000000,4.610421836228288,-151000000
2024-12-31,7213200000,186100000,2025-02-11,4.97,4.2583,40300000,149800000,66300000,4.617866004962779,83500000
2025-03-31,6690400000,175500000,2025-04-24,4.68,4.3771,39400000,-52500000,75200000,4.4543147208121825,-127700000
2025-06-30,6974400000,86400000,2025-07-25,5.46,4.69,38900000,-177800000,79000000,2.2210796915167097,-256800000
2025-09-30,7037400000,215100000,2025-10-23,5.01,4.55,38100000,191700000,68900000,5.645669291338582,122800000
