fiscalDateEnding,totalRevenue,netIncome,reportedDate,reportedEPS,estimatedEPS,commonStockSharesOutstanding,operatingCashflow,capitalExpenditures,eps_computed_simple,freeCashFlow
2005-09-30,2070800000,179000000,2005-10-26,0.79,0.77,227100000,439600000,250700000,0.7881990312637605,188900000
2005-12-31,2098600000,180700000,2006-01-25,0.8,0.78,227100000,271900000,305200000,0.7956847203874945,-33300000
2006-03-31,2317200000,204000000,2006-04-26,0.89,0.87,228500000,281000000,504800000,0.8927789934354485,-223800000
2006-06-30,2319600000,210300000,2006-07-26,0.92,0.91,229200000,346300000,238200000,0.9175392670157068,108100000
2006-09-30,2115000000,128400000,2006-10-25,0.94,0.92,223400000,447000000,213100000,0.5747538048343778,233900000
2006-12-31,2267800000,230300000,2007-01-24,1.03,0.93,223400000,162400000,238300000,1.03088630259624,-75900000
2007-03-31,2473300000,227600000,2007-04-25,1.02,1.01,223400000,222000000,262700000,1.018800358102059,-40700000
2007-06-30,2416200000,284900000,2007-07-25,1.16,1.06,223100000,427400000,235700000,1.2770058269834155,191700000
2007-09-30,2537000000,292800000,2007-10-24,1.17,1.15,222300000,690900000,311200000,1.3171390013495277,379700000
2007-12-31,2473600000,263700000,2008-01-23,1.16,1.13,222300000,366700000,271200000,1.1862348178137652,95500000
2008-03-31,2605300000,314300000,2008-04-23,1.23,1.2,219200000,264400000,258300000,1.4338503649635037,6100000
2008-06-30,2808000000,70100000,2008-07-23,1.32,1.31,218200000,498400000,273000000,0.3212648945921173,225400000
2008-09-30,2527600000,261600000,2008-10-22,1.26,1.25,212100000,550100000,282600000,1.2333804809052333,267500000
2008-12-31,2195300000,68600000,2009-01-21,0.97,0.98,212100000,199200000,291700000,0.3234323432343234,-92500000
2009-03-31,1955400000,205600000,2009-04-22,0.89,0.82,212300000,260100000,324100000,0.9684408855393312,-64000000
2009-06-30,1976200000,113200000,2009-07-22,1.05,0.98,214000000,405700000,283500000,0.5289719626168224,122200000
2009-09-30,2129300000,243900000,2009-10-21,1.14,1.12,217000000,465700000,279800000,1.123963133640553,185900000
2009-12-31,2173500000,251800000,2010-01-22,1.16,1.14,217000000,193900000,288800000,1.16036866359447,-94900000
2010-03-31,2249000000,252000000,2010-04-22,1.23,1.19,216900000,348800000,228100000,1.161825726141079,120700000
2010-06-30,2252300000,253200000,2010-07-22,1.28,1.27,216900000,490500000,240300000,1.1673582295988936,250200000
2010-09-30,2351200000,272100000,2010-10-21,1.35,1.32,219200000,489200000,273700000,1.2413321167883211,215500000
2010-12-31,2391700000,268600000,2011-01-21,1.35,1.34,219200000,336600000,306900000,1.2253649635036497,29700000
2011-03-31,2403000000,304300000,2011-04-21,1.41,1.39,218800000,290100000,305800000,1.3907678244972577,-15700000
2011-06-30,2577800000,326500000,2011-07-22,1.46,1.45,217300000,502000000,352600000,1.5025310630464794,149400000
2011-09-30,2611200000,324800000,2011-10-21,1.51,1.51,213900000,624500000,386400000,1.5184665731650304,238100000
2011-12-31,2423100000,248100000,2012-01-24,1.36,1.36,213900000,430700000,349700000,1.1598877980364657,81000000
2012-03-31,2344300000,296000000,2012-04-24,1.39,1.35,215000000,320500000,385200000,1.3767441860465117,-64700000
2012-06-30,2340100000,484500000,2012-07-24,1.41,1.41,214700000,525500000,431600000,2.256637168141593,93900000
2012-09-30,2605800000,138700000,2012-10-19,1.42,1.43,215000000,522000000,354500000,0.6451162790697674,167500000
2012-12-31,2562400000,278300000,2013-01-23,1.3,1.29,212600000,283600000,357000000,1.3090310442144872,-73400000
2013-03-31,2484200000,290400000,2013-04-23,1.37,1.37,211000000,324400000,350300000,1.376303317535545,-25900000
2013-06-30,2547300000,288400000,2013-07-23,1.36,1.36,211900000,456500000,408100000,1.36101934874941,48400000
2013-09-30,2586500000,137100000,2013-10-29,1.47,1.47,213800000,502900000,408800000,0.6412535079513564,94100000
2013-12-31,2545500000,290200000,2014-01-28,1.34,1.33,214300000,546900000,391100000,1.354176388240784,155800000
2014-03-31,2581900000,283500000,2014-04-23,1.32,1.35,214900000,478500000,411100000,1.3192182410423452,67400000
2014-06-30,2634600000,314000000,2014-07-23,1.46,1.45,215400000,559300000,462700000,1.457753017641597,96600000
2014-09-30,2677000000,104000000,2014-10-30,1.66,1.62,216200000,602400000,419300000,0.48103607770582796,183100000
2014-12-31,2560800000,324600000,2015-01-29,1.55,1.49,216600000,486600000,446500000,1.4986149584487534,40100000
2015-03-31,2414500000,290000000,2015-04-30,1.55,1.55,217400000,480600000,371100000,1.3339466421343147,109500000
2015-06-30,2470200000,318800000,2015-07-30,1.65,1.58,217400000,690700000,397100000,1.4664213431462743,293600000
2015-09-30,2449400000,344500000,2015-10-29,1.82,1.8,217700000,779900000,400100000,1.5824529168580614,379800000
2015-12-31,1866300000,363600000,2016-01-29,1.78,1.71,217600000,573500000,350600000,1.6709558823529411,222900000
2016-03-31,1777400000,-473300000,2016-04-28,1.82,1.81,217900000,498000000,223600000,-2.172097292335934,274400000
2016-06-30,1914500000,346800000,2016-07-28,1.92,1.9,218500000,719300000,228900000,1.5871853546910755,490400000
2016-09-30,2463000000,394000000,2016-10-27,2.01,1.98,219000000,852600000,206800000,1.7990867579908676,645800000
2016-12-31,1882500000,299800000,2017-01-27,1.47,1.48,219700000,514700000,239200000,1.3645880746472463,275500000
2017-03-31,1980100000,2130000000,2017-04-27,1.43,1.38,219700000,-174300000,293000000,9.69503868912153,-467300000
2017-06-30,2121900000,101900000,2017-08-01,1.65,1.59,219800000,505000000,274600000,0.46360327570518656,230400000
2017-09-30,2203100000,468700000,2017-10-26,1.76,1.68,220100000,722500000,232900000,2.129486597001363,489600000
2017-12-31,2216600000,154600000,2018-01-26,1.73,1.66,220400000,561000000,256600000,0.7014519056261344,304400000
2018-03-31,2155700000,416400000,2018-04-26,1.71,1.68,220800000,546000000,315900000,1.8858695652173914,230100000
2018-06-30,2259000000,473900000,2018-07-26,1.95,1.84,220900000,743500000,585600000,2.1453146220009054,157900000
2018-09-30,2298900000,452900000,2018-11-06,2.0,1.99,220900000,691400000,410300000,2.0502489814395655,281100000
2018-12-31,2224000000,347500000,2019-01-25,1.86,1.87,221000000,655200000,403400000,1.5723981900452488,251800000
2019-03-31,2187700000,421300000,2019-04-24,1.92,1.87,221400000,630600000,560100000,1.9028906955736224,70500000
2019-06-30,2224000000,488000000,2019-07-25,2.17,2.13,221900000,717600000,544100000,2.199188823794502,173500000
2019-09-30,2283200000,503200000,2019-11-07,2.27,2.29,222100000,966500000,482100000,2.265646105357947,484400000
2019-12-31,2254700000,475600000,2020-01-24,2.14,2.08,222200000,667000000,447700000,2.1404140414041404,219300000
2020-03-31,2216300000,477800000,2020-04-23,2.04,2.06,222300000,571500000,482900000,2.149347728295097,88600000
2020-06-30,2065200000,446500000,2020-07-23,2.01,1.98,222400000,774700000,1114600000,2.007643884892086,-339900000
2020-09-30,2320100000,486800000,2020-11-11,2.19,2.21,222600000,1251500000,463800000,2.1868823000898474,787700000
2020-12-31,2375200000,482000000,2021-02-04,2.12,2.2,222600000,774700000,664200000,2.165318957771788,110500000
2021-03-31,2502000000,473100000,2021-05-10,2.08,2.11,222500000,812300000,563600000,2.1262921348314605,248700000
2021-06-30,2604700000,533600000,2021-08-09,2.31,2.38,222500000,928600000,620000000,2.398202247191011,308600000
2021-09-30,2841100000,610400000,2021-11-04,2.51,2.49,222500000,826300000,616400000,2.743370786516854,209900000
2021-12-31,2994200000,560400000,2022-02-04,2.52,2.5,222600000,785200000,663800000,2.5175202156334233,121400000
2022-03-31,2945100000,530500000,2022-05-05,2.38,2.37,222500000,519800000,769800000,2.3842696629213482,-250000000
2022-06-30,3189300000,582100000,2022-08-04,2.62,2.61,222500000,908200000,705500000,2.616179775280899,202700000
2022-09-30,3570000000,583100000,2022-11-03,2.89,2.76,222500000,1017000000,787400000,2.620674157303371,229600000
2022-12-31,3174700000,572200000,2023-02-02,2.64,2.7,222600000,719300000,834200000,2.5705300988319855,-114900000
2023-03-31,3200100000,439800000,2023-05-09,2.74,2.66,222700000,638700000,1006900000,1.9748540637629097,-368200000
2023-06-30,3033900000,595600000,2023-08-03,2.98,2.91,222800000,845400000,1322400000,2.673249551166966,-477000000
2023-09-30,3191300000,692600000,2023-11-07,3.15,3.11,222800000,1002900000,1462900000,3.108617594254937,-460000000
2023-12-31,2997100000,609300000,2024-02-05,2.82,3.0,222800000,626600000,1445500000,2.7347396768402152,-818900000
2024-03-31,2930200000,572400000,2024-04-30,2.85,2.7,222700000,801700000,1669400000,2.570273911091154,-867700000
2024-06-30,2985300000,696600000,2024-08-01,3.2,3.04,222800000,1261400000,1606600000,3.1265709156193897,-345200000
2024-09-30,3187500000,1949900000,2024-11-07,3.56,3.47,222800000,957000000,2075200000,8.751795332136446,-1118200000
2024-12-31,2931500000,617400000,2025-02-06,2.86,2.84,222900000,811700000,2117600000,2.7698519515477793,-1305900000
2025-03-31,2916200000,-1730600000,2025-05-01,2.69,2.83,222700000,328100000,1891500000,-7.770992366412214,-1563400000
2025-06-30,3022700000,713800000,2025-07-31,3.24,3.0,222900000,855800000,1495800000,3.20233288470166,-640000000
2025-09-30,3166900000,4900000,2025-11-06,0.02,3.42,222900000,1261200000,1517700000,0.021982951996410947,-256500000
