fiscalDateEnding,totalRevenue,netIncome,reportedDate,reportedEPS,estimatedEPS,commonStockSharesOutstanding,operatingCashflow,capitalExpenditures,eps_computed_simple,freeCashFlow
2005-09-30,11607989,9881890,2005-11-14,0.3,0.31,23323314,-109363719,0,0.42369150456062976,-109363719
2005-12-31,14890281,15863023,2006-02-28,0.33,0.3,37988700,-145507087,0,0.41757214645407714,-145507087
2006-03-31,20191305,13843033,2006-05-08,0.31,0.32,37988700,-151017502,0,0.36439870277214015,-151017502
2006-06-30,30489751,16692680,2006-08-09,0.43,0.35,38089889,-109423131,0,0.43824438553758976,-109423131
2006-09-30,31831794,18141122,2006-11-08,0.37,0.38,46880245,-142178183,0,0.3869673036051753,-142178183
2006-12-31,17383779,39602302,2007-03-08,0.38,0.4,53178927,-115643362,0,0.7446991549867111,-115643362
2007-03-31,39715023,18944000,2007-05-10,0.36,0.39,53178927,-239745625,0,0.35623133200863566,-239745625
2007-06-30,47398918,33567000,2007-08-09,0.36,0.35,70117970,-118555048,0,0.47872178843740054,-118555048
2007-09-30,47931000,22924000,2007-11-08,0.34,0.37,72059957,-4596967,0,0.3181239755666243,-4596967
2007-12-31,2658768,47640702,2008-02-28,0.37,0.38,74547785,-151258405,0,0.6390626093048908,-151258405
2008-03-31,52207000,9166000,2008-05-08,0.35,0.37,74547785,-152982000,0,0.12295469275176989,-152982000
2008-06-30,63464000,3272000,2008-08-07,0.4,0.34,90125629,-149060000,0,0.03630487838259636,-149060000
2008-09-30,49753000,-41393000,2008-11-06,0.34,0.35,97152820,-26841000,0,-0.4260607154789743,-26841000
2008-12-31,14692000,-73985000,2009-03-02,0.33,0.33,89666243,19876000,0,-0.8251154227572577,19876000
2009-03-31,56016000,35034000,2009-05-07,0.31,0.32,97152820,19488000,0,0.36060713420361856,19488000
2009-06-30,59111000,34753000,2009-08-06,0.33,0.31,97152820,60463000,0,0.35771478378085164,60463000
2009-09-30,60881000,63276000,2009-11-05,0.32,0.35,102831909,60142000,0,0.6153342927826031,60142000
2009-12-31,25571000,69630000,2010-02-25,0.35,0.33,101719800,-127836000,0,0.684527496121699,-127836000
2010-03-31,66510000,76415000,2010-05-10,0.25,0.33,124544026,-35707000,0,0.6135581324470754,-35707000
2010-06-30,121590000,330154000,2010-08-05,0.26,0.31,191045000,-410017000,0,1.7281478185767751,-410017000
2010-09-30,138126000,128377000,2010-11-04,0.37,0.33,192167000,-217148000,0,0.6680491447543022,-217148000
2010-12-31,421027000,156888000,2011-03-01,0.41,0.35,190575500,6381000,0,0.8232327870056749,6381000
2011-03-31,135691000,123766000,2011-05-03,0.31,0.34,204419000,142847000,0,0.605452526428561,142847000
2011-06-30,60172000,36923000,2011-08-04,0.34,0.34,204752000,-273780000,0,0.18033035086348362,-273780000
2011-09-30,167365000,40639000,2011-11-08,0.43,0.37,205130000,-87725000,0,0.1981133915078243,-87725000
2011-12-31,-63001000,118125000,2012-02-28,0.48,0.39,204860000,-178256000,0,0.576613296885678,-178256000
2012-03-31,117099000,105547000,2012-05-08,0.38,0.39,217044000,-5879000,0,0.4862931018595308,-5879000
2012-06-30,104702000,90932000,2012-08-07,0.4,0.39,221878000,-215887000,0,0.4098288248496922,-215887000
2012-09-30,145510000,136555000,2012-11-05,0.42,0.41,233126000,-314485000,0,0.5857562005095956,-314485000
2012-12-31,225940000,175144000,2013-02-27,0.45,0.41,230151000,285319000,0,0.7609960417291257,285319000
2013-03-31,132997000,80342000,2013-05-07,0.38,0.39,248658000,-54892000,0,0.32310241375704785,-54892000
2013-06-30,187768000,133498000,2013-08-06,0.35,0.39,266174000,-615233000,0,0.5015441027297933,-615233000
2013-09-30,198710000,140797000,2013-11-05,0.47,0.39,268312000,-435645000,0,0.5247510361072185,-435645000
2013-12-31,193353000,133884000,2014-02-26,0.39,0.41,266939000,-191833000,0,0.5015527892140151,-191833000
2014-03-31,185110000,116992000,2014-05-06,0.38,0.39,297972000,53427000,0,0.39262749520089135,53427000
2014-06-30,209328000,142831000,2014-08-05,0.31,0.38,298270000,-104022000,0,0.4788647869380092,-104022000
2014-09-30,248728000,177739000,2014-11-04,0.34,0.38,310564000,-577131000,0,0.5723103772491338,-577131000
2014-12-31,223275000,153387000,2015-02-26,0.41,0.39,314108000,-30821000,0,0.4883256714251149,-30821000
2015-03-31,176924000,100576000,2015-05-04,0.39,0.39,314108000,575805000,0,0.3201956015128555,575805000
2015-06-30,217846000,146522000,2015-08-04,0.35,0.38,314469000,127576000,0,0.4659346390264223,127576000
2015-09-30,184832000,116859000,2015-11-04,0.42,0.38,314469000,6761000,0,0.3716073762437633,6761000
2015-12-31,98054000,14713000,2016-02-24,0.4,0.39,314450000,-350142000,0,0.046789632692001905,-350142000
2016-03-31,199000000,132000000,2016-05-04,0.37,0.39,314293000,79000000,0,0.419990263862065,79000000
2016-06-30,224000000,157000000,2016-08-03,0.39,0.38,314000000,372000000,0,0.5,372000000
2016-09-30,169000000,110000000,2016-11-02,0.43,0.39,313954000,188000000,186014000,0.35036979939736396,1986000
2016-12-31,144447000,74818000,2017-02-22,0.42,0.39,314000000,68285000,0,0.23827388535031846,68285000
2017-03-31,212000000,118000000,2017-05-03,0.32,0.38,422000000,-2340000000,0,0.2796208530805687,-2340000000
2017-06-30,258000000,178000000,2017-08-02,0.34,0.36,426000000,122000000,0,0.41784037558685444,122000000
2017-09-30,204000000,139000000,2017-11-02,0.36,0.35,426000000,128000000,0,0.32629107981220656,128000000
2017-12-31,300000000,232000000,2018-02-13,0.38,0.37,426000000,152000000,0,0.5446009389671361,152000000
2018-03-31,311000000,242000000,2018-05-02,0.39,0.38,426000000,100000000,0,0.568075117370892,100000000
2018-06-30,322000000,254000000,2018-08-01,0.39,0.39,426000000,161000000,0,0.596244131455399,161000000
2018-09-30,272000000,209000000,2018-10-31,0.45,0.4,426000000,186000000,0,0.49061032863849763,186000000
2018-12-31,214000000,153000000,2019-02-12,0.45,0.41,426000000,219000000,0,0.3591549295774648,219000000
2019-03-31,287000000,214000000,2019-04-30,0.48,0.42,426000000,90000000,0,0.5023474178403756,90000000
2019-06-30,276000000,200000000,2019-07-30,0.49,0.44,426000000,253000000,0,0.4694835680751174,253000000
2019-09-30,257000000,175000000,2019-10-30,0.48,0.46,427000000,214000000,0,0.4098360655737705,214000000
2019-12-31,295000000,204000000,2020-02-12,0.46,0.45,429000000,124000000,0,0.4755244755244755,124000000
2020-03-31,-518000000,-612000000,2020-05-05,0.41,0.43,430000000,765000000,0,-1.4232558139534883,765000000
2020-06-30,368000000,277000000,2020-08-04,0.39,0.38,423000000,-545000000,0,0.6548463356973995,-545000000
2020-09-30,532000000,441000000,2020-10-27,0.39,0.38,423000000,221000000,0,1.0425531914893618,221000000
2020-12-31,476000000,378000000,2021-02-10,0.54,0.4,423000000,293000000,0,0.8936170212765957,293000000
2021-03-31,516000000,373000000,2021-04-28,0.43,0.42,429000000,38000000,0,0.8694638694638694,38000000
2021-06-30,585000000,478000000,2021-07-28,0.53,0.43,440000000,294000000,0,1.0863636363636364,294000000
2021-09-30,444000000,334000000,2021-10-26,0.47,0.44,453000000,264000000,0,0.7373068432671082,264000000
2021-12-31,505000000,382000000,2022-02-09,0.58,0.49,463000000,339000000,0,0.8250539956803455,339000000
2022-03-31,375000000,211000000,2022-04-26,0.42,0.47,500000000,-21000000,0,0.422,-21000000
2022-06-30,230000000,111000000,2022-07-26,0.46,0.44,514000000,243000000,0,0.21595330739299612,243000000
2022-09-30,249000000,104000000,2022-10-25,0.5,0.49,523000000,262000000,0,0.1988527724665392,262000000
2022-12-31,342000000,174000000,2023-02-07,0.63,0.56,534000000,-360000000,0,0.3258426966292135,-360000000
2023-03-31,429000000,278000000,2023-04-25,0.57,0.59,555000000,872000000,0,0.5009009009009009,872000000
2023-06-30,489000000,331000000,2023-07-25,0.58,0.57,567000000,-48000000,0,0.5837742504409171,-48000000
2023-09-30,660000000,500000000,2023-10-24,0.59,0.58,582000000,46000000,0,0.8591065292096219,46000000
2023-12-31,588000000,413000000,2024-02-07,0.63,0.6,593000000,302000000,0,0.6964586846543002,302000000
2024-03-31,639000000,449000000,2024-05-01,0.59,0.6,591000000,221000000,0,0.7597292724196277,221000000
2024-06-30,532000000,322000000,2024-07-30,0.61,0.58,616000000,314000000,0,0.5227272727272727,314000000
2024-09-30,613000000,394000000,2024-10-30,0.58,0.59,635000000,337000000,0,0.6204724409448819,337000000
2024-12-31,567000000,357000000,2025-02-05,0.55,0.58,655000000,410000000,0,0.5450381679389313,410000000
2025-03-31,446000000,241000000,2025-04-29,0.5,0.54,676000000,182000000,0,0.35650887573964496,182000000
2025-06-30,579000000,361000000,2025-07-29,0.5,0.51,695000000,347000000,0,0.5194244604316547,347000000
2025-09-30,655000000,404000000,2025-10-29,0.5,0.5,709000000,365000000,0,0.5698166431593794,365000000
