fiscalDateEnding,totalRevenue,netIncome,reportedDate,reportedEPS,estimatedEPS,commonStockSharesOutstanding,operatingCashflow,capitalExpenditures,eps_computed_simple,freeCashFlow
2024-03-31,1439046000,27047000,2024-05-29,0.21,0.0,143263332,-14689000,23838000,0.18879220259933643,-38527000
2024-06-30,1470920000,42770000,2024-08-14,0.34,0.3,142763328,117994000,38927000,0.2995867398103804,79067000
2024-09-30,1449817000,26322000,2024-11-06,0.19,0.2909,137543000,92152000,43469000,0.19137287975396786,48683000
2024-12-31,1606289000,114204000,2025-02-26,0.81,0.4567,132745000,119569000,81274000,0.8603261893103319,38295000
2025-03-31,1497234000,41383000,2025-05-07,0.29,0.2061,140704000,-24787000,22908000,0.29411388446668185,-47695000
2025-06-30,1576746000,-23478000,2025-08-06,0.52,0.3224,141242065,117490000,46197000,-0.1662252672389065,71293000
2025-09-30,1576746000,-23478000,2025-11-12,-0.17,0.424,143169831,151799000,58804000,-0.1639870623301916,92995000
