fiscalDateEnding,totalRevenue,netIncome,reportedDate,reportedEPS,estimatedEPS,commonStockSharesOutstanding,operatingCashflow,capitalExpenditures,eps_computed_simple,freeCashFlow
2006-06-30,19422000,-3178000,2006-07-27,-2.4,-1.68,1920408,-2790564,2606463,-1.6548566762896217,-5397027
2006-09-30,17358000,-5438000,2006-11-07,-1.92,-1.11,2781738,-1689000,1415000,-1.9548929482215796,-3104000
2006-12-31,19196000,-11324000,2007-02-22,-4.08,-1.71,2791072,-2240000,2576000,-4.057222457894315,-4816000
2007-03-31,19550000,-2674000,2007-04-26,-0.96,-0.84,2791072,-4931000,3048000,-0.9580548262459728,-7979000
2007-06-30,18820000,-703000,2007-08-06,-0.24,-0.67,2829905,250000,1526000,-0.2484182331208998,-1276000
2007-09-30,20319000,-5578000,2007-10-23,-1.92,-0.58,2969488,-2173000,1825000,-1.8784383031687617,-3998000
2007-12-31,21342000,-11247000,2008-02-13,-2.88,-1.42,3833401,-6383000,1585000,-2.9339482094359552,-7968000
2008-03-31,23197000,-15779000,2008-04-24,-4.08,-0.48,3833401,-4324000,2515000,-4.1161882098950775,-6839000
2008-06-30,23853000,-3591000,2008-08-04,-0.96,-0.92,3856151,-9751000,5058000,-0.931239466504294,-14809000
2008-09-30,25816000,-4860000,2008-11-03,-1.2,-0.65,3865567,-4100000,2904000,-1.2572541104577932,-7004000
2008-12-31,28447000,-5058000,2009-03-02,-1.32,-1.0,3875234,-1304000,2915000,-1.3052115046472033,-4219000
2009-03-31,30610000,-4383000,2009-05-04,-1.08,-0.56,3875234,-6359000,2892000,-1.1310284746675943,-9251000
2009-06-30,32263000,-6303000,2009-08-03,-1.56,-0.51,3929734,2425000,3756000,-1.6039253547441124,-1331000
2009-09-30,32677000,-1283000,2009-11-09,-0.24,-0.12,4292982,897000,4362000,-0.29885986011588217,-3465000
2009-12-31,36606000,-1320000,2010-02-23,-0.36,-0.14,4512731,-2511000,2166000,-0.29250580191905967,-4677000
2010-03-31,38431000,-4710000,2010-05-10,-1.08,-0.18,4512731,-2501000,1145000,-1.043713884120281,-3646000
2010-06-30,45424000,-2979000,2010-08-05,-0.4222,0.09,7056221,-8747000,5428000,-0.42218065448913805,-14175000
2010-09-30,44846000,-3790000,2010-11-08,0.12,-0.01,7249137,-1905000,5584000,-0.5228208543996341,-7489000
2010-12-31,46018000,-2876000,2011-02-24,-0.24,-0.11,7391387,-1680000,4171000,-0.3891015312822884,-5851000
2011-03-31,49720000,-1867000,2011-05-04,-0.2526,-0.06,7391387,1612000,2108000,-0.25259129308206973,-496000
2011-06-30,50862000,-3044000,2011-08-04,0.12,0.05,7394970,2944000,2219000,-0.4116311492812006,725000
2011-09-30,47619000,-1304000,2011-11-01,-0.1762,0.04,7402387,6553000,4151000,-0.17615939290934127,2402000
2011-12-31,49510000,-15966000,2012-02-28,-0.72,,7411470,2299000,418000,-2.1542285133718413,1881000
2012-03-31,48461000,-1261000,2012-05-08,-0.1701,-0.14,7411470,-1431000,3519000,-0.17014168579242714,-4950000
2012-06-30,48235000,-6374000,2012-08-07,-0.48,-0.09,7434803,5005000,5129000,-0.8573192860658178,-124000
2012-09-30,46839000,-2469000,2012-11-05,-0.24,-0.16,7458553,8317000,4187000,-0.3310293564985058,4130000
2012-12-31,52743000,-5355000,2013-02-28,-0.6,-0.15,7767385,-298000,4561000,-0.6894212144756569,-4859000
2013-03-31,50443000,-2649000,2013-04-30,-0.36,-0.18,7985468,-336000,2769000,-0.3317275831548007,-3105000
2013-06-30,51020000,-4661000,2013-08-06,-0.48,-0.22,7993801,2818000,5412000,-0.5830768116444229,-2594000
2013-09-30,50196000,-14510000,2013-11-07,-1.8,-0.22,8031717,4187000,3544000,-1.8065875578036428,643000
2013-12-31,53065000,-60407000,2014-03-17,-1.32,-0.2,8066051,1138000,3377000,-7.489042655445645,-2239000
2014-03-31,49173000,-6673000,2014-04-30,-0.24,-0.32,8069801,-16381000,1794000,-0.8269101059617208,-18175000
2014-06-30,53167000,-2895000,2014-07-31,-0.24,-0.22,8076801,-8669000,3081000,-0.3584339889022894,-11750000
2014-09-30,51013000,-3041000,2014-10-30,-0.48,-0.14,8194050,4766000,2876000,-0.371122948969069,1890000
2014-12-31,53627000,-273000,2015-02-26,-0.36,-0.12,8206383,13000,3549000,-0.033266787572551755,-3536000
2015-03-31,48647000,-4561000,2015-04-30,-0.48,-0.18,8251633,-2223000,3462000,-0.5527390760107727,-5685000
2015-06-30,46633000,-3947000,2015-08-04,-0.48,-0.21,8271466,5621000,3794000,-0.4771826421096333,1827000
2015-09-30,42996000,-160265000,2015-11-03,0.6,-0.48,8281000,2168000,1482000,-19.353338968723584,686000
2015-12-31,47003000,-9903000,2016-03-15,-0.36,-0.54,8375883,4558000,3509000,-1.1823231055161587,1049000
2016-03-31,44761000,-6617000,2016-05-06,-0.48,-0.48,8466000,210000,1686000,-0.7815969761398536,-1476000
2016-06-30,43790000,-5233000,2016-08-09,-0.6165,,8488000,9862000,4005000,-0.6165174363807728,5857000
2016-09-30,26711000,-13721000,2016-11-09,-0.7439,,8560000,-10198000,1600000,-1.6029205607476635,-11798000
2016-12-31,27090000,-4746000,2017-03-15,-1.07,,8465000,-9833000,1856000,-0.5606615475487301,-11689000
2017-03-31,27978000,-5515000,2017-05-11,-0.61,,9005000,-6051000,1977000,-0.6124375347029428,-8028000
2017-06-30,24379000,-2697000,2017-08-10,-0.24,-0.15,11047000,-424000,3371000,-0.24413868018466553,-3795000
2017-09-30,23099000,-3137000,2017-11-09,-0.19,-0.24,13938000,-1639000,1837000,-0.22506815898981203,-3476000
2017-12-31,26283000,9055000,2018-03-08,0.53,-0.24,21212000,-615000,411000,0.4268810107486328,-1026000
2018-03-31,21307000,-1916000,2018-05-10,-0.26,-0.25,21212000,-5300000,410000,-0.09032623043560249,-5710000
2018-06-30,22042000,-7076000,2018-08-02,-0.21,-0.12,34030000,-3411000,1977000,-0.20793417572729944,-5388000
2018-09-30,23002000,-9355000,2018-11-08,-0.22,-0.17,42497000,-7809000,1060000,-0.22013318587194391,-8869000
2018-12-31,25343000,-10628000,2019-03-07,-0.24,-0.16,43201000,-9088000,3467000,-0.24601282377722739,-12555000
2019-03-31,24555000,-12968000,2019-05-09,-0.29,-0.21,45020000,-7944000,1068000,-0.28804975566414925,-9012000
2019-06-30,27319000,-12436000,2019-07-24,-0.27,-0.21,46880000,-6698000,2649000,-0.2652730375426621,-9347000
2019-09-30,29201000,-14567000,2019-10-30,-0.26,-0.22,55736000,-9412000,6720000,-0.26135711209989954,-16132000
2019-12-31,32351999,-17031000,2020-03-05,-0.28,-0.19,61139000,-9067000,2595000,-0.2785619653576277,-11662000
2020-03-31,30115000,-20722000,2020-05-11,-0.26,-0.2,62568000,-17048000,2629000,-0.3311916634701445,-19677000
2020-06-30,29629000,-15805000,2020-08-06,-0.25,-0.29,63713000,-13097000,4349000,-0.24806554392353208,-17446000
2020-09-30,41163000,-15669000,2020-11-05,-0.24,-0.24,64761000,-9539000,5890000,-0.2419511743178765,-15429000
2020-12-31,43954000,-26798000,2021-03-04,-0.35,-0.21,77098000,-6728000,11018000,-0.3475835949051856,-17746000
2021-03-31,44121000,-22903000,2021-05-06,-0.26,-0.2,87223000,-18604000,15202000,-0.2625798241289568,-33806000
2021-06-30,62249000,-38205000,2021-08-03,-0.39,-0.19,98541000,-16506000,41923000,-0.38770663987578774,-58429000
2021-09-30,62880000,-43031000,2021-11-04,-0.36,-0.25,99571000,-23466000,12918000,-0.4321639834891685,-36384000
2021-12-31,73962000,-40187000,2022-03-01,-0.4,-0.31,99300000,-14856000,19598000,-0.4047029204431017,-34454000
2022-03-31,70933000,-42844000,2022-05-05,-0.43,-0.3,99978000,-24705000,13407000,-0.42853427754105905,-38112000
2022-06-30,84151000,-37320000,2022-08-04,-0.36,-0.29,102849000,-27337000,13081000,-0.36286205991307646,-40418000
2022-09-30,89839000,-36793000,2022-11-03,-0.35,-0.3,104804000,-14689000,15628000,-0.3510648448532499,-30317000
2022-12-31,105944000,-34986000,2023-02-28,-0.33,-0.28,105858000,-8403000,14835000,-0.33049934818341553,-23238000
2023-03-31,109110000,-43529000,2023-05-04,-0.4,-0.31,109751000,-18324000,16816000,-0.3966159761642263,-35140000
2023-06-30,116920000,-51377000,2023-08-03,-0.43,-0.28,118719000,-17872000,20563000,-0.4327613945535255,-38435000
2023-09-30,118262000,-42654000,2023-11-06,-0.35,-0.28,122468000,-17285000,21383000,-0.34828689943495444,-38668000
2023-12-31,137970000,-49078000,2024-02-27,-0.37,-0.25,133750000,-25004000,28213000,-0.36693831775700936,-53217000
2024-03-31,138477000,-48495000,2024-05-07,-0.34,-0.31,140980000,-38438000,33618000,-0.34398496240601506,-72056000
2024-06-30,145573000,-40680000,2024-07-31,-0.29,-0.28,142687000,-11394000,35894000,-0.28509955356829986,-47288000
2024-09-30,150719000,-39616000,2024-10-30,-0.28,-0.25,143492000,-5342000,19878000,-0.2760850779137513,-25220000
2024-12-31,176793000,-33332000,2025-02-25,-0.0638,-0.0375,142946000,10523000,3746000,-0.2331789626852098,6777000
2025-03-31,169180000,-51907000,2025-05-05,-0.0879,-0.1493,146732000,-5039000,9934000,-0.3537537824060191,-14973000
2025-06-30,185544000,-41144000,2025-07-29,0.02,-0.0622,149907000,15548000,12173000,-0.2744635007037697,3375000
2025-09-30,196503000,-28578000,2025-10-30,0.03,-0.04,151401000,14040000,9233000,-0.18875700953098065,4807000
