fiscalDateEnding,totalRevenue,netIncome,reportedDate,reportedEPS,estimatedEPS,commonStockSharesOutstanding,operatingCashflow,capitalExpenditures,eps_computed_simple,freeCashFlow
2005-09-30,1004627000,-16802000,2005-11-08,-0.21,-0.23,80722000,-466000,106332000,-0.20814647803572756,-106798000
2005-12-31,2283820000,71027000,2006-02-07,0.88,0.82,80722000,-195369000,102465000,0.8798964346770397,-297834000
2006-03-31,2033846000,88796000,2006-05-04,1.1,1.09,81040000,343760000,110765000,1.095705824284304,232995000
2006-06-30,863243000,-18145000,2006-08-09,-0.07,0.03,80840000,75052000,109461000,-0.22445571499257794,-34409000
2006-09-30,971454000,6059000,2006-11-07,0.25,0.06,83350000,88006000,102633000,0.07269346130773845,-14627000
2006-12-31,1602633000,81261000,2007-02-06,0.97,0.92,83350000,164969000,86986000,0.9749370125974806,77983000
2007-03-31,2075582000,106505000,2007-05-02,1.2,1.18,88735000,346958000,85806000,1.2002591987378148,261152000
2007-06-30,1218152000,-13360000,2007-08-07,-0.13,-0.09,88366000,40743000,90231000,-0.1511893714777177,-49488000
2007-09-30,1002064000,-5914000,2007-11-07,-0.05,-0.09,89608000,-5575000,129412000,-0.06599857155611107,-134987000
2007-12-31,1657510000,73803000,2008-02-05,0.82,0.84,89608000,61437000,94155000,0.8236206588697438,-32718000
2008-03-31,2483985000,111534000,2008-05-01,1.24,1.34,89990000,417755000,104567000,1.2394043782642516,313188000
2008-06-30,1639145000,-6588000,2008-08-05,-0.07,-0.06,89648000,-61811000,114156000,-0.07348741745493485,-175967000
2008-09-30,1440665000,1582000,2008-11-11,0.02,-0.03,91066000,-46448000,159395000,0.01737201590055564,-205843000
2008-12-31,1716332000,75963000,2009-02-03,0.83,0.78,90769000,150715000,107367000,0.8368826361422953,43348000
2009-03-31,1821406000,129003000,2009-04-30,1.33,1.31,91192000,463907000,113963000,1.4146306693569612,349944000
2009-06-30,780775000,1964000,2009-08-04,-0.04,-0.1,91652000,209972000,120996000,0.021428883166761226,88976000
2009-09-30,650567000,-15952000,2009-11-10,-0.08,-0.06,92509000,94639000,167168000,-0.17243727637310965,-72529000
2009-12-31,1292852000,93330000,2010-02-02,1.0,0.91,92509000,95156000,115439000,1.0088748121804365,-20283000
2010-03-31,1940266000,114126000,2010-05-05,1.44,1.45,92853000,388302000,117190000,1.2291040677199445,271112000
2010-06-30,761305000,-3154000,2010-08-04,0.09,,92648000,111106000,129720000,-0.03404282877126327,-18614000
2010-09-30,786315000,1537000,2010-11-03,0.02,-0.06,90408000,131912000,180287000,0.01700070790195558,-48375000
2010-12-31,1133262000,73997000,2011-02-08,0.81,0.85,90408000,45824000,123162000,0.8184784532342271,-77338000
2011-03-31,1581497000,132209000,2011-05-04,1.36,1.4,90533000,392647000,123501000,1.4603404283520927,269146000
2011-06-30,843615000,-566000,2011-08-03,0.04,0.09,90127000,81091000,143620000,-0.0062800270729082295,-62529000
2011-09-30,789260000,1961000,2011-11-09,0.06,0.04,90546000,63282000,232682000,0.02165750005522055,-169400000
2011-12-31,1083994000,68507000,2012-02-07,0.61,0.85,90546000,-15291000,154394000,0.7565988558301857,-169685000
2012-03-31,1225509000,109111000,2012-05-02,1.28,1.44,90322000,376014000,156729000,1.2080224087154845,219285000
2012-06-30,576414000,31132000,2012-08-08,0.32,0.15,90993000,158083000,186251000,0.34213620827975777,-28168000
2012-09-30,508029000,7967000,2012-11-07,0.03,0.08,91309000,68111000,235484000,0.08725317329069424,-167373000
2012-12-31,1034155000,80465000,2013-02-06,0.71,0.77,91309000,29858000,190027000,0.8812384321370292,-160169000
2013-03-31,1308996000,116425000,2013-05-01,1.25,1.22,91492000,346483000,199090000,1.2725156297818387,147393000
2013-06-30,857935000,38768000,2013-08-06,0.42,0.37,91550000,133234000,193356000,0.4234625887493173,-60122000
2013-09-30,685171000,7536000,2013-11-06,0.08,0.12,91818000,103552000,262560000,0.08207541005031693,-159008000
2013-12-31,1243858000,87016000,2014-02-04,0.88,0.83,91746000,34300000,180567000,0.9484446188389685,-146267000
2014-03-31,1964854000,133367000,2014-05-07,1.37,1.25,96176000,456681000,178442000,1.3866973049409417,278239000
2014-06-30,943170000,45721000,2014-08-06,0.45,0.44,101163000,139229000,193591000,0.451953777566897,-54362000
2014-09-30,778728000,23713000,2014-11-05,0.2,0.18,101581000,109776000,282651000,0.23343932428308445,-172875000
2014-12-31,1258765000,97595000,2015-02-03,0.91,0.86,101581000,27415000,261313000,0.9607603784172237,-233898000
2015-03-31,1540068000,137684000,2015-05-06,1.36,1.33,101746000,513433000,180331000,1.3532129027185344,333102000
2015-06-30,686401000,56281000,2015-08-05,0.54,0.51,102000000,176734000,225839000,0.5517745098039216,-49105000
2015-09-30,656902000,23515000,2015-11-04,0.29,0.27,102234000,118937000,307649000,0.23001154214840464,-188712000
2015-12-31,674753000,102861000,2016-02-02,0.93,1.0,102713000,70493000,291674000,1.0014409081615765,-221181000
2016-03-31,890040000,141810000,2016-05-04,1.4,1.4,102946000,385283000,246559000,1.3775183105705904,138724000
2016-06-30,456212000,71193000,2016-08-03,0.67,0.6,103750000,168822000,257775000,0.6861975903614458,-88953000
2016-09-30,678519000,34240000,2016-11-09,0.4,0.32,104687000,170392000,290942000,0.32707021884283627,-120550000
2016-12-31,780168000,125032000,2017-02-07,1.08,1.05,105284000,116963000,297962000,1.1875688613654496,-180999000
2017-03-31,988186000,164728000,2017-05-03,1.52,1.42,105935000,435040000,261423000,1.5549912682305187,173617000
2017-06-30,526501000,70808000,2017-08-02,0.67,0.66,106364000,193558000,252763000,0.6657139633710654,-59205000
2017-09-30,464880000,35853000,2017-11-08,0.34,0.34,106814000,121529000,324941000,0.33565824704626734,-203412000
2017-12-31,889192000,314132000,2018-02-06,1.4,1.14,108564000,173238000,383238000,2.893519030249438,-210000000
2018-03-31,1219409000,178992000,2018-05-02,1.57,1.55,111706000,578129000,310740000,1.602349023329096,267389000
2018-06-30,562245000,71193000,2018-08-08,0.63,0.67,111851000,283929000,394494000,0.6364985561148313,-110565000
2018-09-30,444700000,38747000,2018-11-07,0.41,0.36,111926000,89366000,379119000,0.3461840859139074,-289753000
2018-12-31,877782000,157646000,2019-02-05,1.38,1.3,113832000,164684000,416404000,1.3849005552041604,-251720000
2019-03-31,1094645000,214888000,2019-05-07,1.82,1.71,117756000,396145000,361182000,1.8248581813240938,34963000
2019-06-30,485738000,80466000,2019-08-07,0.68,0.68,118430000,248099000,421613000,0.6794393312505277,-173514000
2019-09-30,443683000,58406000,2019-11-06,0.49,0.49,119824000,159841000,494278000,0.48743156629723594,-334437000
2019-12-31,875563000,178673000,2020-02-04,1.47,1.46,121359000,172445000,529186000,1.4722682289735414,-356741000
2020-03-31,977665000,239646000,2020-05-06,1.95,1.92,122997000,461330000,465551000,1.9483889850971976,-4221000
2020-06-30,492995000,117791000,2020-08-05,0.79,0.77,123032000,261711000,410936000,0.9574013264841668,-149225000
2020-09-30,474914000,65333000,2020-11-11,0.53,0.51,124100000,142513000,530003000,0.5264544721998389,-387490000
2020-12-31,914480000,217678000,2021-02-02,1.71,1.53,127034000,157069000,456809000,1.7135412566714423,-299740000
2021-03-31,1319073000,296754000,2021-05-05,2.3,2.05,129164000,-1559315000,388919000,2.297497754792357,-1948234000
2021-06-30,605553000,102411000,2021-08-04,0.78,0.74,131486000,243779000,512232000,0.7788737964498121,-268453000
2021-09-30,568384000,48720000,2021-11-10,0.37,0.38,133689000,74216000,611580000,0.3644278886071404,-537364000
2021-12-31,1012786000,249209000,2022-02-08,1.86,1.85,133689000,61824000,684180000,1.8640950265167666,-622356000
2022-03-31,1649819000,324999000,2022-05-04,2.37,2.34,137250000,578660000,505849000,2.367934426229508,72811000
2022-06-30,816429000,128547000,2022-08-03,0.92,0.86,140227000,288832000,536010000,0.9167064830596104,-247178000
2022-09-30,722628000,71643000,2022-11-09,0.51,0.43,141220000,48268000,718381000,0.5073148279280555,-670113000
2022-12-31,1484009000,271860000,2023-02-07,1.91,1.92,141937000,188900000,795660000,1.9153568132340404,-606760000
2023-03-31,1540973000,357671000,2023-05-03,2.48,2.46,143987000,2703816000,619689000,2.484050643460868,2084127000
2023-06-30,662733000,137807000,2023-08-02,0.94,0.99,146067000,328792000,668137000,0.9434506082825005,-339345000
2023-09-30,587642000,118524000,2023-11-08,0.8,0.72,148672000,238235000,722487000,0.7972180370210934,-484252000
2023-12-31,1158467000,311292000,2024-02-06,2.08,2.05,149796000,245280000,769650000,2.0781062244652726,-524370000
2024-03-31,1647227000,432023000,2024-05-08,2.85,2.61,151297000,746593000,645876000,2.8554630957652827,100717000
2024-06-30,701549000,165564000,2024-08-07,1.08,1.05,153396000,411191000,713611000,1.0793241023233984,-302420000
2024-09-30,657944000,134016000,2024-11-18,0.83,0.81,153031000,330682000,807987000,0.8757441302742581,-477305000
2024-12-31,1175999000,351858000,2025-02-04,2.23,2.21,157824000,282022000,891191000,2.229432785888078,-609169000
2025-03-31,1950502000,485576000,2025-05-07,3.03,2.88,160426000,922937000,839666000,3.026791168513832,83271000
2025-06-30,838774000,186342000,2025-08-06,1.16,1.15,161171000,496373000,866930000,1.1561757388115728,-370557000
2025-09-30,737480000,174978000,2025-11-06,1.07,1.0,160573000,348124000,963612000,1.0897099761479203,-615488000
