fiscalDateEnding,totalRevenue,netIncome,reportedDate,reportedEPS,estimatedEPS,commonStockSharesOutstanding,operatingCashflow,capitalExpenditures,eps_computed_simple,freeCashFlow
2005-09-30,33724000,6883000,2005-10-24,0.53,0.48,13236538,20818000,1959000,0.5200000181316293,18859000
2005-12-31,33418000,5874000,2006-01-25,0.44,0.51,13326761,4729000,2556000,0.4407672652042008,2173000
2006-03-31,35265000,6308000,2006-04-18,0.47,0.47,13421277,2408000,3911000,0.46999998584337394,-1503000
2006-06-30,39254000,6713000,2006-07-21,0.5,0.49,13426000,-6508000,4866000,0.5,-11374000
2006-09-30,41188000,6528000,2006-10-20,0.49,0.51,13322449,22581000,7103000,0.48999999924938725,15478000
2006-12-31,41694000,6443000,2007-01-25,0.48,0.46,13547368,15832000,4706000,0.4755905353718892,11126000
2007-03-31,39836000,5148000,2007-04-20,0.38,0.42,13547368,4516000,6355000,0.38000001181041215,-1839000
2007-06-30,41341000,5641000,2007-07-20,0.42,0.38,13430952,3662000,6407000,0.42000001191278175,-2745000
2007-09-30,42533000,5357000,2007-10-24,0.4,0.42,13392500,9023000,48000,0.4,8975000
2007-12-31,42391000,3610000,2008-01-25,0.27,0.37,13525926,-177000,1763000,0.26689485067417934,-1940000
2008-03-31,42218000,3652000,2008-04-22,0.27,0.27,13525926,-1345000,707000,0.26999999852135814,-2052000
2008-06-30,40966000,4333000,2008-07-22,0.32,0.3,13540625,10902000,3315000,0.32,7587000
2008-09-30,43125000,4255000,2008-10-22,0.31,0.32,13537000,14630000,525000,0.31432370540001475,14105000
2008-12-31,39343000,2274000,2009-01-28,0.17,0.26,13602000,-6090000,1654000,0.16718129686810762,-7744000
2009-03-31,38697000,1753000,2009-04-23,0.07,0.06,13602000,3296000,3056000,0.1288781061608587,240000
2009-06-30,41255000,953000,2009-07-24,0.01,0.06,13615294,-18722000,974000,0.06999481612369149,-19696000
2009-09-30,40413000,2805000,2009-10-22,0.13,0.06,14946154,28076000,1912000,0.18767369853140814,26164000
2009-12-31,41189000,2849000,2010-01-27,0.02,0.01,22416667,-11519000,4197000,0.1270929349131162,-15716000
2010-03-31,53057000,1699000,2010-04-29,0.06,,22416667,15811000,4197000,0.07579182043432238,11614000
2010-06-30,61423000,8726000,2010-07-22,0.32,0.2,25913471,-6759000,0,0.3367360551583383,-6759000
2010-09-30,60793000,8073000,2010-10-22,0.29,0.26,25920287,8968000,0,0.3114548847395093,8968000
2010-12-31,61846000,4424000,2011-01-26,0.15,0.24,25980698,27670000,0,0.17028025959887605,27670000
2011-03-31,57939000,6194000,2011-04-26,0.22,0.18,25980698,42382000,1526000,0.23840775948359816,40856000
2011-06-30,57719000,6820000,2011-07-21,0.24,0.19,25992000,15424000,1181000,0.2623884272083718,14243000
2011-09-30,59417000,9071000,2011-10-24,0.33,0.23,26057501,17839000,1035000,0.3481147328748064,16804000
2011-12-31,58042000,8360000,2012-01-26,0.28,0.26,25879000,-5110000,0,0.32304184860311447,-5110000
2012-03-31,54382000,7923000,2012-04-24,0.31,0.25,25879158,24537000,2122000,0.3061537009820799,22415000
2012-06-30,55182000,8420000,2012-07-24,0.32,0.29,25888151,-9323000,1481000,0.32524532169176545,-10804000
2012-09-30,56314000,9626000,2012-10-22,0.37,0.33,25911987,-31442000,1871000,0.3714882999902709,-33313000
2012-12-31,44262000,9442000,2013-01-23,0.37,0.36,25854623,-15465000,371000,0.36519581043591315,-15836000
2013-03-31,53416000,8983000,2013-04-23,0.36,0.36,25138003,62607000,577000,0.35734739947321986,62030000
2013-06-30,54019000,9463000,2013-07-22,0.42,0.38,24802231,28271000,1235000,0.38153825758658566,27036000
2013-09-30,52064000,7946000,2013-10-23,0.34,0.39,24962976,47738000,1169000,0.31831140646051176,46569000
2013-12-31,51697000,8104000,2014-01-28,0.32,0.35,25028760,18413000,1778000,0.3237875148429247,16635000
2014-03-31,81996000,7708000,2014-04-22,0.36,0.33,47080661,51066000,2221000,0.16371902679956002,48845000
2014-06-30,84914000,14673000,2014-07-22,0.38,0.39,46296870,-2172000,2658000,0.31693287256784314,-4830000
2014-09-30,85909000,14817000,2014-10-22,0.35,0.43,45738554,59279000,383000,0.3239499001214599,58896000
2014-12-31,81953000,15072000,2015-01-28,0.34,0.42,45426861,17011000,1862000,0.3317860769644638,15149000
2015-03-31,82654000,15701000,2015-04-20,0.35,0.38,45187516,20578000,2346000,0.3474632241347367,18232000
2015-06-30,86066000,15348000,2015-07-21,0.36,0.37,45209814,19532000,938000,0.33948381207673184,18594000
2015-09-30,86725000,18216000,2015-10-20,0.4,0.39,45171610,39054000,743000,0.4032621374354379,38311000
2015-12-31,86334000,17815000,2016-01-20,0.4,0.41,44988577,29679000,1329000,0.39598940860032095,28350000
2016-03-31,86663000,16961000,2016-04-20,0.38,0.36,44327229,22942000,1885000,0.38263163257960475,21057000
2016-06-30,90774000,19337000,2016-07-22,0.44,0.41,43824183,21770000,1174000,0.44124039916499985,20596000
2016-09-30,93383000,20401000,2016-10-20,0.47,0.45,43754915,26954000,2043000,0.4662561908759279,24911000
2016-12-31,95006000,20777000,2017-01-24,0.48,0.46,46577634,23768000,1237000,0.44607246473704526,22531000
2017-03-31,95479000,19124000,2017-04-19,0.44,0.44,43725923,50476000,3156000,0.43736069333516414,47320000
2017-06-30,96188000,17956000,2017-07-19,0.46,0.46,43783952,-2618000,2117000,0.41010459722776965,-4735000
2017-09-30,99729000,20658000,2017-10-18,0.47,0.49,43792058,47505000,1866000,0.4717293715677852,45639000
2017-12-31,104726000,15186000,2018-01-23,0.49,0.49,43816018,14970000,2122000,0.3465855797302256,12848000
2018-03-31,144646000,16639000,2018-04-24,0.59,0.53,65636262,35763000,902000,0.2535031626267809,34861000
2018-06-30,152107000,47327000,2018-07-18,0.61,0.62,65965577,18130000,1751000,0.7174499512071273,16379000
2018-09-30,152183000,38197000,2018-10-17,0.61,0.64,66013152,92745000,1681000,0.57862711963822,91064000
2018-12-31,164126000,44085000,2019-01-22,0.67,0.68,66013326,70127000,4334000,0.6678197065846978,65793000
2019-03-31,190590000,35631000,2019-04-24,0.47,0.67,76553066,13090000,1460000,0.46544184134963323,11630000
2019-06-30,211703000,48823000,2019-07-18,0.7,0.65,82125194,16930000,4231000,0.5944947904780596,12699000
2019-09-30,226451000,53238000,2019-10-17,0.86,0.68,81832868,79315000,5856000,0.6505698908169759,73459000
2019-12-31,203404000,55836000,2020-01-21,0.71,0.7,80502269,85464000,4345000,0.6935953569209335,81119000
2020-03-31,200232000,7089000,2020-04-28,0.09,0.48,79317382,50357000,3994000,0.08937511326331976,46363000
2020-06-30,198799000,30709000,2020-07-23,0.39,0.26,78722690,71807000,6890000,0.3900908365809146,64917000
2020-09-30,191821000,61000000,2020-10-22,0.74,0.47,78725346,54205000,7673000,0.7748457529802409,46532000
2020-12-31,194088000,59430000,2021-01-26,0.72,0.67,78740351,54503000,11016000,0.7547591450284493,43487000
2021-03-31,178658000,56189000,2021-04-22,0.67,0.74,78884235,84373000,3520000,0.7122969500813439,80853000
2021-06-30,179318000,85384000,2021-07-22,1.05,0.75,78843724,53037000,3316000,1.0829523983418134,49721000
2021-09-30,176317000,74565000,2021-10-25,0.94,0.78,76322736,102593000,2385000,0.9769696935392882,100208000
2021-12-31,183873000,47779000,2022-01-25,0.59,0.6,75667759,97788000,178000,0.6314314132125943,97610000
2022-03-31,168609000,43690000,2022-04-21,0.54,0.63,75556127,111447000,797000,0.5782456265922683,110650000
2022-06-30,185174000,62226000,2022-07-21,0.79,0.71,74849871,87782000,1134000,0.8313441181481795,86648000
2022-09-30,195165000,58070000,2022-10-20,0.74,0.76,74705054,127676000,1123000,0.7773235797406692,126553000
2022-12-31,226568000,70524000,2023-01-24,0.9,0.82,74713972,77060000,199000,0.9439198333612888,76861000
2023-03-31,225622000,35653000,2023-04-25,0.44,0.81,74835514,59567000,1624000,0.4764181882949317,57943000
2023-06-30,252825000,55241000,2023-07-25,0.74,0.67,74995557,70352000,1602000,0.7365903022761735,68750000
2023-09-30,272865000,54017000,2023-10-19,0.8,0.74,74999128,89383000,609000,0.7202350405994054,88774000
2023-12-31,288398000,56907000,2024-01-23,0.78,0.75,75016858,48396000,1266000,0.7585894893118558,47130000
2024-03-31,287144000,49769000,2024-04-23,0.65,0.73,75197376,57011000,2124000,0.6618449026731996,54887000
2024-06-30,343425000,25161000,2024-07-25,0.63,0.64,89768466,85640000,970000,0.28028773489345354,84670000
2024-09-30,357369000,76415000,2024-10-21,0.83,0.82,89780531,67512000,3449000,0.851131076513682,64063000
2024-12-31,358475000,57785000,2025-01-23,0.67,0.77,91533273,98293000,850000,0.6313004889489748,97443000
2025-03-31,333750000,49818000,2025-04-24,0.57,0.7,90072795,62032000,2398000,0.5530859789573533,59634000
2025-06-30,590616000,19791000,2025-07-24,0.95,0.8,90072795,1903925000,1912000,0.21972228129481272,1902013000
2025-09-30,538955000,92140000,2025-10-20,0.84,0.85,90072795,156946000,8383000,1.0229503814109466,148563000
