fiscalDateEnding,totalRevenue,netIncome,reportedDate,reportedEPS,estimatedEPS,commonStockSharesOutstanding,operatingCashflow,capitalExpenditures,eps_computed_simple,freeCashFlow
2005-09-30,1763213.0,-5539930.33,2005-11-04,-4.0,-3.0,1654940,-3353821.22,13304.07,-3.347511287418275,-3367125.29
2005-12-31,-1130630.58,-9415855.22,2006-03-14,-5.5,-4.57,1684440,-5161087.18,613179.11,-5.5899024126712735,-5774266.29
2006-03-31,1369016.0,-4599416.71,2006-05-15,-3.0,-6.5,1684440,-6445359.41,228169.5,-2.7305316366270094,-6673528.91
2006-06-30,936995.0,-5982767.91,2006-08-03,-4.0,-4.0,1685920,-4659469.17,60827.09,-3.548666550014236,-4720296.26
2006-09-30,519433.0,-6261866.38,2006-11-14,-4.0,-4.5,1685920,-4600885.2,590458.9,-3.71421323668976,-5191344.100000001
2006-12-31,638000.0,-5818755.33,2007-03-16,-4.5,-4.83,1905160,-5324656.85,342232.91,-3.054208218732285,-5666889.76
2007-03-31,605929.0,-6721567.27,2007-05-09,-4.0,-4.75,1905160,-6050624.13,194174.76,-3.5280854468915996,-6244798.89
2007-06-30,429309.0,-9322686.71,2007-08-14,-4.5,-4.5,2124640,-6820207.24,117708.76,-4.387890047255064,-6937916.0
2007-09-30,553988.0,-7413376.31,2007-11-06,-3.5,-4.83,2124860,-9374333.81,264264.75,-3.488877530754967,-9638598.56
2007-12-31,616273.0,-8602493.14,2008-03-18,-4.0,-4.5,2124869,-6214897.42,291265.65,-4.048481642868337,-6506163.07
2008-03-31,562518.0,-5185077.24,2008-05-06,-2.5,-4.0,2124869,-9920334.21,77722.72,-2.4401867785731732,-9998056.930000002
2008-06-30,555118.0,-5336018.86,2008-08-06,-2.5,-2.5,2124869,-4125647.32,103059.35,-2.511222508305218,-4228706.67
2008-09-30,2702626.0,-3511241.26,2008-11-14,-2.0,-2.5,2124869,-1936448.1,58212.82,-1.6524506969606125,-1994660.9200000002
2008-12-31,93447.0,-2198509.81,2009-03-27,-2.5,-2.0,2124869,-1407874.4,97899.1,-1.0346566353031645,-1505773.5
2012-09-30,87376.0,-1729235.46,2012-11-14,-0.4914,,3478420,-1092202.18,11176.02,-0.49713245094036945,-1103378.2
2013-03-31,87473.0,-779399.48,2013-05-16,-0.2039,,3857000,-199518.4,5897.1,-0.20207401607466943,-205415.5
2013-06-30,82687.0,-988442.82,2013-08-14,-0.2502,,3877000,-370666.06,45620.44,-0.25495043074542173,-416286.5
2013-09-30,84336.0,-2152038.62,2013-11-22,-0.4526,,5197000,-1494794.39,35867.31,-0.41409248027708295,-1530661.7
2013-12-31,692643.0,1555385.0,2014-03-28,0.1132,,21848000,-2452432.4,17003.06,0.0711911845477847,-2469435.46
2014-03-31,67000.0,-5191000.0,2014-05-16,-0.2376,,21848000,-5354000.0,1000.0,-0.2375961186378616,-5355000.0
2014-06-30,71000.0,-4017000.0,2014-08-15,-0.1281,,31359000,-4183000.0,47000.0,-0.1280971969769444,-4230000.0
2014-09-30,72000.0,-2520000.0,2014-11-12,-0.08,,33249000,-4024000.0,21000.0,-0.07579175313543264,-4045000.0
2014-12-31,68000.0,-4919000.0,2015-03-30,-0.15,-0.12,31859000,-3344000.0,21000.0,-0.15439907090618035,-3365000.0
2015-03-31,62000.0,-8601000.0,2015-05-15,-0.27,-0.14,31859000,-4022000.0,10000.0,-0.26997080887661257,-4032000.0
2015-06-30,59000.0,-733000.0,2015-08-11,-0.02,-0.2,32237000,-3697000.0,22000.0,-0.022737847814622947,-3719000.0
2015-09-30,57000.0,-5155000.0,2015-11-13,-0.16,-0.22,32278000,-5198000.0,18000.0,-0.1597063015056695,-5216000.0
2015-12-31,57000.0,-3937000.0,2016-03-18,-0.13,-0.15,32287000,-4838000.0,6000.0,-0.12193762195310806,-4844000.0
2016-03-31,57000.0,-4267000.0,2016-05-11,-0.13,-0.14,32287000,-5220000.0,1000.0,-0.1321584538668814,-5221000.0
2016-06-30,55000.0,-3276000.0,2016-08-05,-0.1,-0.11,32551000,-5045000.0,3000.0,-0.10064206936806856,-5048000.0
2016-09-30,31000.0,-7419000.0,2016-11-04,-0.21,-0.14,36079000,-4188000.0,4000.0,-0.2056320851464841,-4192000.0
2016-12-31,30000.0,-8333000.0,2017-03-09,-0.22,-0.12,56680000,-4260000.0,17000.0,-0.1470183486238532,-4277000.0
2017-03-31,31000.0,-51941000.0,2017-05-15,-0.92,-0.12,56680000,-9715000.0,4000.0,-0.9163902611150317,-9719000.0
2017-06-30,329000.0,-2399000.0,2017-08-10,-0.03,-0.12,82973000,-11848000.0,12000.0,-0.02891301989803912,-11860000.0
2017-09-30,29000.0,-13120000.0,2017-11-14,-0.16,-0.15,83608000,-8525000.0,16000.0,-0.15692278250885083,-8541000.0
2017-12-31,31000.0,-3332000.0,2018-03-15,-0.04,-0.14,83300000,-11081000.0,9000.0,-0.04,-11090000.0
2018-03-31,30000.0,-15478000.0,2018-05-10,-0.18,-0.17,84052000,-14380000.0,22000.0,-0.18414790843763384,-14402000.0
2018-06-30,29000.0,-15707000.0,2018-08-09,-0.19,-0.15,84350000,-12289000.0,31000.0,-0.18621221102548904,-12320000.0
2018-09-30,375000.0,-18342000.0,2018-11-08,-0.21,-0.19,85321000,-11327000.0,8000.0,-0.21497638330539962,-11335000.0
2018-12-31,29000.0,-14593000.0,2019-03-19,-0.17,-0.18,85384000,-13614000.0,22000.0,-0.17091024079452824,-13636000.0
2019-03-31,30000.0,-12428000.0,2019-05-14,-0.14,-0.15,90146000,-13149000.0,20000.0,-0.13786524083153995,-13169000.0
2019-06-30,29000.0,-15901000.0,2019-08-06,-0.17,-0.17,91768000,-13253000.0,22000.0,-0.1732739081161189,-13275000.0
2019-09-30,230000.0,-19037000.0,2019-11-14,-0.21,-0.2,92169000,-11775000.0,30000.0,-0.2065444997775825,-11805000.0
2019-12-31,29000.0,-76480000.0,2020-03-05,-0.78,-0.21,97936000,-25321000.0,28000.0,-0.7809181506289822,-25349000.0
2020-03-31,30000.0,-25932000.0,2020-05-14,-0.15,-0.27,112209000,-22608000.0,213000.0,-0.23110445686174905,-22821000.0
2020-06-30,29000.0,-26544000.0,2020-08-11,-0.26,-0.23,112576000,-22594000.0,131000.0,-0.23578737919272313,-22725000.0
2020-09-30,29000.0,-42130000.0,2020-11-10,-0.28,-0.23,122357000,-28416000.0,4279000.0,-0.34432030860514723,-32695000.0
2020-12-31,50030000.0,-8074000.0,2021-02-24,-0.05,-0.24,118473000,5457000.0,4469000.0,-0.0681505490702523,988000.0
2021-03-31,914000.0,-50379000.0,2021-05-06,-0.4,-0.36,127401000,-53541000.0,1181000.0,-0.3954364565427273,-54722000.0
2021-06-30,6620000.0,-47010000.0,2021-08-05,-0.37,-0.36,128222000,-37979000.0,228000.0,-0.36662975152469934,-38207000.0
2021-09-30,14667000.0,-50255000.0,2021-11-03,-0.39,-0.33,128443000,-40250000.0,159000.0,-0.39126305053603544,-40409000.0
2021-12-31,23404000.0,-33322000.0,2022-02-28,-0.25,-0.27,132054000,-25922000.0,35000.0,-0.2523361655080497,-25957000.0
2022-03-31,21625000.0,-37630000.0,2022-05-10,-0.27,-0.27,141675000,-46746000.0,79000.0,-0.26560790541732837,-46825000.0
2022-06-30,28191000.0,-35515000.0,2022-08-04,-0.25,-0.22,141726000,-27871000.0,39000.0,-0.2505891650085376,-27910000.0
2022-09-30,55779000.0,-8989000.0,2022-11-03,-0.06,-0.17,141856000,-15362000.0,37677.0,-0.06336707647191518,-15399677.0
2022-12-31,28435000.0,-26046000.0,2023-02-28,-0.18,-0.27,142268000,10450000.0,134000.0,-0.183077009587539,10316000.0
2023-03-31,34409000.0,-26206000.0,2023-05-04,-0.18,-0.22,142641000,-31670000.0,509000.0,-0.18371996831205614,-32179000.0
2023-06-30,41494000.0,-11492000.0,2023-08-03,-0.08,-0.18,142777000,-2826000.0,227000.0,-0.08048915441562716,-3053000.0
2023-09-30,54515000.0,-13447000.0,2023-11-02,-0.09,-0.17,142847000,-13277000.0,105000.0,-0.09413568363353798,-13382000.0
2023-12-31,45095000.0,-26875000.0,2024-02-15,-0.19,-0.16,143833000,14312000.0,59000.0,-0.18684863696091997,14253000.0
2024-03-31,50303000.0,-10749000.0,2024-05-02,-0.03,-0.14,144013000,-18598000.0,12000.0,-0.07463909508169402,-18610000.0
2024-06-30,57192000.0,722000.0,2024-08-01,0.01,0.01,144110000,15843000.0,128000.0,0.005010061758379016,15715000.0
2024-09-30,67771000.0,14350000.0,2024-11-07,0.1,0.01,145651000,17029000.0,85000.0,0.09852318212713954,16944000.0
2024-12-31,59867000.0,1429000.0,2025-02-13,0.01,-0.016,147675000,30114000.0,56000.0,0.009676654816319621,30058000.0
2025-03-31,62465000.0,23344000.0,2025-04-30,0.16,0.1,138917000,1300000.0,17000.0,0.16804278813968052,1283000.0
2025-06-30,70008000.0,21513000.0,2025-07-31,0.16,0.14,143199000,44241000.0,98000.0,0.15023149603000022,44143000.0
2025-09-30,73468000.0,31551000.0,2025-11-04,0.23,0.16,136008000,44449000.0,65000.0,0.23197900123522147,44384000.0
