fiscalDateEnding,totalRevenue,netIncome,reportedDate,reportedEPS,estimatedEPS,commonStockSharesOutstanding,operatingCashflow,capitalExpenditures,eps_computed_simple,freeCashFlow
2009-07-31,363000000,2000000,2009-09-04,0.0009,,2179999950,31000000,12000000,0.0009174312137025508,19000000
2009-10-31,428000000,-21000000,2009-12-03,0.028,0.024,2440000000,46000000,21000000,-0.00860655737704918,25000000
2010-01-31,456000000,38000000,2010-02-24,0.034,0.03,2439999950,41000000,9000000,0.015573770810937927,32000000
2010-04-30,515000000,90000000,2010-05-26,0.045,0.043,2459999950,115000000,18000000,0.036585366597263545,97000000
2010-07-31,550000000,123000000,2010-08-24,0.058,0.053,2469999950,137000000,22000000,0.04979757185825044,115000000
2010-10-31,572000000,164000000,2010-12-02,0.061,0.061,2500000000,217000000,30000000,0.0656,187000000
2011-01-31,550000000,119000000,2011-02-23,0.062,0.057,2499999950,67000000,32000000,0.04760000095200002,35000000
2011-04-30,560000000,135000000,2011-05-24,0.06,0.06,2519999940,253000000,19000000,0.05357142984693881,234000000
2011-07-31,603000000,144000000,2011-08-23,0.064,0.063,2529999940,213000000,24000000,0.05691699739724104,189000000
2011-10-31,623000000,154000000,2011-12-01,0.069,0.067,2500000000,195000000,37000000,0.0616,158000000
2012-01-31,563000000,125000000,2012-02-22,0.057,0.056,2499999950,139000000,47000000,0.05000000100000002,92000000
2012-04-30,577000000,134000000,2012-05-22,0.061,0.059,2499999950,211000000,56000000,0.05360000107200002,155000000
2012-07-31,606000000,145000000,2012-08-16,0.066,0.063,2499999950,128000000,65000000,0.05800000116000002,63000000
2012-10-31,618000000,159000000,2012-11-29,0.071,0.067,2510000000,215000000,73000000,0.06334661354581674,142000000
2013-01-31,576000000,125000000,2013-02-26,0.058,0.055,2509999940,185000000,67000000,0.049800798003206324,118000000
2013-04-30,562000000,113000000,2013-05-29,0.054,0.052,2509999940,188000000,47000000,0.04501992139489852,141000000
2013-07-31,644000000,142000000,2013-08-27,0.067,0.063,2519999940,137000000,65000000,0.05634920769085415,72000000
2013-10-31,738000000,172000000,2013-12-04,0.089,0.082,2529999940,209000000,57000000,0.06798419133559347,152000000
2014-01-31,709000000,134000000,2014-02-25,0.084,0.078,2549999940,229000000,52000000,0.05254902084429069,177000000
2014-04-30,701000000,158000000,2014-05-29,0.085,0.076,2579999940,251000000,73000000,0.06124031150171267,178000000
2014-07-31,1269000000,-164000000,2014-08-28,0.126,0.105,2519999940,314000000,95000000,-0.06507936662887381,219000000
2014-10-31,1590000000,135000000,2014-12-03,0.199,0.169,2719999940,381000000,189000000,0.04963235403600781,192000000
2015-01-31,1635000000,351000000,2015-02-25,0.209,0.194,2779999940,481000000,162000000,0.1262589955307697,319000000
2015-04-30,1614000000,344000000,2015-05-28,0.213,0.201,2839999940,663000000,177000000,0.12112676312239641,486000000
2015-07-31,1735000000,240000000,2015-08-26,0.224,0.214,2869999940,592000000,148000000,0.0836236951280215,444000000
2015-10-31,1840000000,429000000,2015-12-02,0.251,0.238,2869999940,582000000,106000000,0.14947735504133844,476000000
2016-01-31,1771000000,377000000,2016-03-03,0.241,0.23,2889999940,474000000,140000000,0.13044982969792035,334000000
2016-04-30,3541000000,-1186000000,2016-06-02,0.253,0.238,4149999910,622000000,158000000,-0.2857831387278271,464000000
2016-07-31,3792000000,-298000000,2016-09-01,0.289,0.276,4189999910,963000000,232000000,-0.07112171990476247,731000000
2016-10-31,4136000000,-632000000,2016-12-08,0.347,0.338,4209999910,1352000000,193000000,-0.15011876805479551,1159000000
2017-01-31,4139000000,239000000,2017-03-01,0.363,0.348,4389999910,1353000000,325000000,0.05444191455575679,1028000000
2017-04-30,4190000000,440000000,2017-06-01,0.369,0.35,4419999910,1583000000,256000000,0.09954751333920277,1327000000
2017-07-31,4463000000,481000000,2017-08-24,0.41,0.403,4449999910,1656000000,255000000,0.1080898898265371,1401000000
2017-10-31,4844000000,532000000,2017-12-06,0.459,0.452,4239999910,1959000000,233000000,0.12547170077652195,1726000000
2018-01-31,5327000000,6230000000,2018-03-15,0.512,0.505,4259999910,1685000000,220000000,1.4624413454506389,1465000000
2018-04-30,5014000000,3718000000,2018-06-07,0.488,0.476,4479999910,2313000000,189000000,0.829910730958028,2124000000
2018-07-31,5063000000,1196000000,2018-09-06,0.498,0.483,4409999910,2247000000,120000000,0.27120181959368794,2127000000
2018-10-31,5444000000,1115000000,2018-12-06,0.585,0.558,4229999910,2635000000,106000000,0.26359338622302714,2529000000
2019-01-31,5789000000,471000000,2019-03-14,0.555,0.523,4189999910,2132000000,99000000,0.11241050360786285,2033000000
2019-04-30,5517000000,691000000,2019-06-13,0.521,0.516,4219999910,2667000000,125000000,0.16374407932155619,2542000000
2019-07-31,5515000000,715000000,2019-09-12,0.516,0.513,4179999910,2419000000,112000000,0.17105263526189884,2307000000
2019-10-31,5776000000,847000000,2019-12-12,0.539,0.535,4159999910,2479000000,96000000,0.20360577363570184,2383000000
2020-01-31,5858000000,385000000,2020-03-12,0.525,0.533,4199999910,2322000000,108000000,0.09166666863095242,2214000000
2020-04-30,5742000000,563000000,2020-06-04,0.514,0.514,4169999910,3213000000,148000000,0.13501199332160177,3065000000
2020-07-31,5821000000,688000000,2020-09-03,0.54,0.524,4219999910,3178000000,105000000,0.16303317883246116,3073000000
2020-10-31,6467000000,1324000000,2020-12-10,0.635,0.625,4270676600,3348000000,102000000,0.310021133419468,3246000000
2021-01-31,6655000000,1378000000,2021-03-04,0.661,0.656,4290726730,3113000000,114000000,0.3211577167954483,2999000000
2021-04-30,6610000000,1493000000,2021-06-03,0.662,0.643,4300751790,3569000000,126000000,0.34714860863895614,3443000000
2021-07-31,6778000000,1876000000,2021-09-02,0.696,0.688,4300751790,3541000000,115000000,0.43620280630052355,3426000000
2021-10-31,7407000000,1989000000,2021-12-09,0.781,0.774,4310776850,3541000000,88000000,0.46140175407131084,3453000000
2022-01-31,7706000000,2472000000,2022-03-03,0.839,0.808,4290000000,3486000000,101000000,0.5762237762237762,3385000000
2022-04-30,8103000000,2590000000,2022-05-26,0.907,0.871,4250626480,4243000000,85000000,0.6093219463498943,4158000000
2022-07-31,8464000000,3074000000,2022-09-01,0.973,0.956,4310776850,4424000000,116000000,0.7130965269055854,4308000000
2022-10-31,8930000000,3359000000,2022-12-08,1.045,1.028,4290000000,4583000000,122000000,0.782983682983683,4461000000
2023-01-31,8915000000,3774000000,2023-03-02,1.033,1.01,4290000000,4036000000,103000000,0.8797202797202798,3933000000
2023-04-30,8733000000,3481000000,2023-06-01,1.032,1.008,4270000000,4502000000,122000000,0.8152224824355971,4380000000
2023-07-31,8876000000,3303000000,2023-08-31,1.054,1.042,4270000000,4719000000,122000000,0.773536299765808,4597000000
2023-10-31,9295000000,3524000000,2023-12-07,1.106,1.098,4270000000,4828000000,105000000,0.8252927400468384,4723000000
2024-01-31,11961000000,1325000000,2024-03-07,1.099,1.029,4670000000,4815000000,122000000,0.2837259100642398,4693000000
2024-04-30,12487000000,2121000000,2024-06-12,1.096,1.084,4800000000,4580000000,132000000,0.441875,4448000000
2024-07-31,13072000000,-1875000000,2024-09-05,1.24,1.2,4663000000,4963000000,172000000,-0.402101651297448,4791000000
2024-10-31,14054000000,4324000000,2024-12-12,1.42,1.39,4828000000,5604000000,122000000,0.8956089478044739,5482000000
2025-01-31,14916000000,5503000000,2025-03-06,1.6,1.51,4836000000,6113000000,100000000,1.1379239040529363,6013000000
2025-04-30,15004000000,4965000000,2025-06-05,1.58,1.57,4826000000,6555000000,144000000,1.0288023207625363,6411000000
2025-07-31,15952000000,4140000000,2025-09-04,1.69,1.66,4860000000,7166000000,142000000,0.8518518518518519,7024000000
2025-10-31,18015000000,8518000000,2025-12-11,1.95,1.87,4889000000,7703000000,237000000,1.7422785845776232,7466000000
