fiscalDateEnding,totalRevenue,netIncome,reportedDate,reportedEPS,estimatedEPS,commonStockSharesOutstanding,operatingCashflow,capitalExpenditures,eps_computed_simple,freeCashFlow
2005-09-30,5789000000,1223000000,2005-10-27,0.38,0.33,3158000000,1660000000,274000000,0.38727042431918934,1386000000
2005-12-31,6286000000,1224000000,2006-02-02,0.39,0.37,3158000000,1929000000,87000000,0.3875870804306523,1842000000
2006-03-31,6180000000,1424000000,2006-04-27,0.45,0.4,1579000000,1512000000,289000000,0.9018366054464851,1223000000
2006-06-30,6625000000,1599000000,2006-07-27,0.51,0.47,3158000000,1909000000,415000000,0.506333122229259,1494000000
2006-09-30,6516000000,1587000000,2006-10-26,0.51,0.49,3054000000,2112000000,350000000,0.5196463654223968,1762000000
2006-12-31,7154000000,1432000000,2007-02-01,0.47,0.48,3054000000,2160000000,285000000,0.46889325474787164,1875000000
2007-03-31,6966000000,1560000000,2007-04-23,0.51,0.51,3062000000,2187000000,405000000,0.5094709340300457,1782000000
2007-06-30,7273000000,1426000000,2007-07-26,0.6,0.52,3054000000,997000000,350000000,0.466928618205632,647000000
2007-09-30,7150000000,1343000000,2007-11-01,0.52,0.46,2914000000,1328000000,453000000,0.4608785175017159,875000000
2007-12-31,8170000000,1266000000,2008-01-31,0.55,0.47,2914000000,2998000000,471000000,0.4344543582704187,2527000000
2008-03-31,7677000000,1503000000,2008-04-24,0.64,0.6,2914000000,2391000000,2938000000,0.5157858613589568,-547000000
2008-06-30,7956000000,1620000000,2008-07-31,0.63,0.54,2914000000,1901000000,307000000,0.5559368565545642,1594000000
2008-09-30,7775000000,1730000000,2008-10-30,0.66,0.57,2894000000,1659000000,301000000,0.5977885279889427,1358000000
2008-12-31,8193000000,1248000000,2009-01-29,0.63,0.58,2894000000,2791000000,493000000,0.4312370421561852,2298000000
2009-03-31,7701000000,2146000000,2009-04-30,0.79,0.7,2896000000,2227000000,284000000,0.7410220994475138,1943000000
2009-06-30,7958000000,1707000000,2009-07-30,0.82,0.7,2896000000,3107000000,260000000,0.5894337016574586,2847000000
2009-09-30,8200000000,2115000000,2009-10-29,0.84,0.69,2906000000,2323000000,456000000,0.7278045423262216,1867000000
2009-12-31,8945000000,1553000000,2010-01-28,0.71,0.76,2898000000,4082000000,1957000000,0.5358868184955141,2125000000
2010-03-31,8576000000,2777000000,2010-04-29,1.01,0.86,2916000000,1739000000,1159000000,0.9523319615912208,580000000
2010-06-30,8178000000,2107000000,2010-07-29,0.9,0.8,2900000000,3028000000,965000000,0.726551724137931,2063000000
2010-09-30,7898000000,1548000000,2010-10-28,0.75,0.75,2892000000,2353000000,285000000,0.5352697095435685,2068000000
2010-12-31,8617000000,1621000000,2011-01-27,0.7,0.67,2874000000,3560000000,273000000,0.5640222686151705,3287000000
2011-03-31,8292000000,2907000000,2011-04-28,1.12,1.08,1404000000,1890000000,271000000,2.0705128205128207,1619000000
2011-06-30,8430000000,2113000000,2011-07-28,0.87,0.91,2774000000,939000000,404000000,0.761715933669791,535000000
2011-09-30,8213000000,3477000000,2011-10-27,0.86,0.84,2718000000,1923000000,244000000,1.2792494481236203,1679000000
2011-12-31,8656000000,1486000000,2012-02-06,0.81,0.78,2634000000,3069000000,378000000,0.5641609719058466,2691000000
2012-03-31,7349000000,1625000000,2012-04-26,0.91,0.89,2570000000,1540000000,202000000,0.632295719844358,1338000000
2012-06-30,6660000000,1597000000,2012-07-26,0.77,0.68,2538000000,1251000000,281000000,0.6292356185973207,970000000
2012-09-30,6682000000,1511000000,2012-10-25,0.76,0.74,2504000000,1309000000,3572000000,0.6034345047923323,-2263000000
2012-12-31,7282000000,1521000000,2013-01-31,0.78,0.7,2496000000,2848000000,564000000,0.609375,2284000000
2013-03-31,6385000000,1011000000,2013-04-25,0.71,0.67,2500000000,2198000000,414000000,0.4044,1784000000
2013-06-30,6232000000,823000000,2013-08-01,0.6,0.58,2508000000,1606000000,384000000,0.3281499202551834,1222000000
2013-09-30,6250000000,1246000000,2013-10-31,0.61,0.63,2508000000,1118000000,474000000,0.49681020733652315,644000000
2013-12-31,6844000000,-524000000,2014-02-06,0.62,0.61,2512000000,2478000000,786000000,-0.2085987261146497,1692000000
2014-03-31,6460000000,504000000,2014-04-24,0.59,0.62,2524000000,1187000000,728000000,0.19968304278922344,459000000
2014-06-30,6762000000,796000000,2014-07-31,0.65,0.55,2528000000,2079000000,1140000000,0.314873417721519,939000000
2014-09-30,6609000000,254000000,2014-11-06,0.53,0.52,2528000000,1950000000,415000000,0.10047468354430379,1535000000
2014-12-31,6683000000,-321000000,2015-02-05,0.38,0.43,2530000000,1842000000,469000000,-0.12687747035573121,1373000000
2015-03-31,6057000000,550000000,2015-04-24,0.54,0.53,2530000000,-72000000,1075000000,0.21739130434782608,-1147000000
2015-06-30,6307000000,697000000,2015-07-30,0.6,0.51,2530000000,1080000000,644000000,0.2754940711462451,436000000
2015-09-30,5945000000,770000000,2015-11-05,0.52,0.77,2530000000,1745000000,534000000,0.30434782608695654,1211000000
2015-12-31,6399000000,808000000,2016-02-04,0.47,0.44,2530000000,571000000,535000000,0.3193675889328063,36000000
2016-03-31,6115000000,646000000,2016-04-29,0.48,0.48,2530000000,1193000000,306000000,0.25533596837944667,887000000
2016-06-30,5603000000,-3000000,2016-07-28,0.83,0.76,2530000000,181000000,1001000000,-0.0011857707509881424,-820000000
2016-09-30,5699000000,1014000000,2016-11-10,0.66,0.74,2532000000,811000000,366000000,0.4004739336492891,445000000
2016-12-31,5585000000,1842000000,2017-02-02,0.61,0.59,2532000000,1960000000,641000000,0.7274881516587678,1319000000
2017-03-31,5405000000,537000000,2017-04-27,0.5,0.4,2532000000,88000000,385000000,0.21208530805687204,-297000000
2017-06-30,5051000000,477000000,2017-07-27,0.44,0.42,2532000000,250000000,331000000,0.18838862559241706,-81000000
2017-09-30,6232000000,686000000,2017-11-09,0.56,0.55,2534000000,2243000000,353000000,0.27071823204419887,1890000000
2017-12-31,5777000000,1301000000,2018-02-02,0.65,0.47,2534000000,997000000,551000000,0.5134175217048145,446000000
2018-03-31,5178000000,340000000,2018-05-18,0.24,0.34,2534000000,-140000000,334000000,0.13417521704814522,-474000000
2018-06-30,5155000000,350000000,2018-07-26,0.35,0.3,2534000000,65000000,359000000,0.13812154696132597,-294000000
2018-09-30,5340000000,431000000,2018-11-12,0.35,0.4,2534000000,469000000,269000000,0.17008681925808997,200000000
2018-12-31,6417000000,1034000000,2019-02-14,0.79,0.76,2534000000,2224000000,409000000,0.4080505130228887,1815000000
2019-03-31,5491000000,593000000,2019-04-26,0.45,0.42,2536000000,-387000000,760000000,0.2338328075709779,-1147000000
2019-06-30,5823000000,130000000,2019-07-25,0.37,0.3,2624000000,878000000,974000000,0.04954268292682927,-96000000
2019-09-30,6406000000,299000000,2019-10-24,0.5,0.45,2624000000,1103000000,341000000,0.11394817073170732,762000000
2019-12-31,6664000000,313000000,2020-02-14,0.45,0.59,2624000000,1375000000,385000000,0.11928353658536585,990000000
2020-03-31,6354000000,780000000,2020-04-29,0.53,0.47,2626000000,139000000,376000000,0.297029702970297,-237000000
2020-06-30,6275000000,756000000,2020-07-30,0.48,0.44,2626000000,1040000000,977000000,0.2878903274942879,63000000
2020-09-30,6578000000,648000000,2020-11-05,0.47,0.44,2624000000,1822000000,705000000,0.24695121951219512,1117000000
2020-12-31,7410000000,1012000000,2021-02-11,0.54,0.68,2626000000,1798000000,548000000,0.38537699923838536,1250000000
2021-03-31,7320000000,1561000000,2021-04-30,0.82,0.75,2638000000,1934000000,469000000,0.5917361637604246,1465000000
2021-06-30,8220000000,550000000,2021-07-29,0.45,0.43,2636000000,892000000,288000000,0.208649468892261,604000000
2021-09-30,9866000000,-1652000000,2021-11-12,0.54,0.62,2992000000,1719000000,660000000,-0.5521390374331551,1059000000
2021-12-31,12011000000,-347000000,2022-02-10,0.84,0.73,1547000000,1418000000,718000000,-0.22430510665804784,700000000
2022-03-31,11390000000,386000000,2022-04-29,0.95,0.83,3122000000,3232000000,363000000,0.1236386931454196,2869000000
2022-06-30,10771000000,360000000,2022-07-29,0.86,0.77,3120000000,1248000000,543000000,0.11538461538461539,705000000
2022-09-30,10982000000,1640000000,2022-11-10,0.84,0.72,3118000000,2930000000,1111000000,0.5259781911481719,1819000000
2022-12-31,11207000000,901000000,2023-02-09,0.69,0.67,3118000000,2398000000,554000000,0.28896728672225785,1844000000
2023-03-31,10879000000,1803000000,2023-04-27,0.96,1.07,3120000000,3133000000,1470000000,0.5778846153846153,1663000000
2023-06-30,11416000000,1818000000,2023-07-28,1.08,0.95,3120000000,1718000000,483000000,0.5826923076923077,1235000000
2023-09-30,11492000000,1374000000,2023-11-09,0.87,0.85,3120000000,3114000000,879000000,0.4403846153846154,2235000000
2023-12-31,12024000000,960000000,2024-02-08,0.73,0.79,3122000000,2380000000,946000000,0.3074951953875721,1434000000
2024-03-31,12679000000,2179000000,2024-04-25,1.03,1.22,3120000000,2486000000,1605000000,0.6983974358974359,881000000
2024-06-30,12938000000,1927000000,2024-07-25,0.99,1.2,3120000000,3085000000,668000000,0.6176282051282052,2417000000
2024-09-30,13565000000,1429000000,2024-11-12,1.04,1.03,3120000000,3383000000,1358000000,0.4580128205128205,2025000000
2024-12-31,14891000000,1500000000,2025-02-06,1.05,1.04,3124000000,2907000000,955000000,0.4801536491677337,1952000000
2025-03-31,13588000000,2916000000,2025-04-29,1.25,1.12,3122000000,3713000000,429000000,0.9340166559897501,3284000000
2025-06-30,14457000000,2450000000,2025-07-29,0.79,0.88,3118000000,3386000000,1923000000,0.7857601026298909,1463000000
2025-09-30,15191000000,2533000000,2025-11-06,1.19,1.14,3122000000,5134000000,686000000,0.8113388853299167,4448000000
