fiscalDateEnding,totalRevenue,netIncome,reportedDate,reportedEPS,estimatedEPS,commonStockSharesOutstanding,operatingCashflow,capitalExpenditures,eps_computed_simple,freeCashFlow
2005-11-30,558964569,119799345,2005-12-21,0.24,0.22,589606607,147605159,43298003,0.2031852146460089,104307156
2006-02-28,562196018,18783354,2006-04-06,0.22,0.22,576759760,-306801351,71889706,0.032567032762479825,-378691057
2006-05-31,613132180,128847400,2006-06-29,0.23,0.21,576759760,99030613,66157745,0.22339873364258284,32872868
2006-08-31,658068099,140675907,2006-09-28,0.25,0.24,570678000,251404556,77135281,0.24650662370023024,174269275
2006-11-30,835377502,176085400,2006-12-21,0.31,0.31,570033033,211370063,83049895,0.3089038525948022,128320168
2007-02-28,929120275,184737042,2007-04-11,0.33,0.33,571633634,168751839,87954082,0.3231738494939575,80797757
2007-05-31,1082161411,223271665,2007-06-28,0.39,0.35,571633634,225350145,76509704,0.39058524852300763,148840441
2007-08-31,1370513873,287321030,2007-10-04,0.5,0.59,572165000,224225345,92481223,0.5021646378230056,131744122
2007-11-30,1898329009,415870686,2007-12-20,0.65,0.62,574650000,521886310,138008871,0.7236938762725137,383877439
2008-02-29,1898329009,415870686,2008-04-02,0.72,0.7,574650000,610264277,421329365,0.7236938762725137,188934912
2008-05-31,2243753381,482770694,2008-06-25,0.84,0.85,574650000,5518922,292697024,0.8401125798312016,-287178102
2008-08-31,2577330000,495546000,2008-09-25,0.86,0.87,574831000,593560077,424368975,0.8620725047883638,169191102
2008-11-30,2782098000,396296000,2008-12-18,0.83,0.81,573514000,554016000,330472000,0.6909962093340354,223544000
2009-02-28,3463193000,518259000,2009-04-02,0.9,0.84,573259000,298750000,473896000,0.9040573283629215,-175146000
2009-05-31,3423510000,643030000,2009-06-18,0.98,0.93,573259000,614623000,310343000,1.1217093844143746,304280000
2009-08-31,3525692000,475621000,2009-09-24,1.03,1.0,573565000,581216000,486594000,0.829236442251532,94622000
2009-11-30,3924310000,628371000,2009-12-17,1.1,1.04,570929000,1067684000,339565000,1.1006114595685277,728119000
2010-02-28,4079712000,710122000,2010-03-31,1.27,1.28,558189000,771351000,294314000,1.2721891689015727,477037000
2010-05-31,4235000000,769000000,2010-06-24,1.38,1.34,558189000,1123000000,268000000,1.3776695707009632,855000000
2010-08-31,4621000000,797000000,2010-09-16,1.46,1.36,546387000,909000000,313000000,1.4586730650619433,596000000
2010-11-30,5495000000,911000000,2010-12-16,1.74,1.64,524406000,972000000,346000000,1.7372036170448089,626000000
2011-02-28,5555771000,934281000,2011-03-24,1.78,1.73,524524000,1004502000,668539000,1.781197809823764,335963000
2011-05-31,4908000000,695000000,2011-06-16,1.33,1.32,524524000,1020000000,782000000,1.3250108669955998,238000000
2011-08-31,4168000000,329000000,2011-09-15,0.8,0.9,524166000,-49000000,531000000,0.6276637553752056,-580000000
2011-11-30,4190000000,-125000000,2011-12-15,1.27,1.21,524160000,886000000,578000000,-0.238476800976801,308000000
2012-02-29,4190000000,-125000000,2012-03-29,0.8,0.81,524160000,1050000000,1228000000,-0.238476800976801,-178000000
2012-05-31,2808000000,-518000000,2012-06-28,-0.37,-0.06,524160000,711000000,437000000,-0.9882478632478633,274000000
2012-08-31,2861000000,-235000000,2012-09-27,-0.27,-0.47,524160000,424000000,340000000,-0.44833638583638585,84000000
2012-11-30,2727000000,9000000,2012-12-20,-0.22,-0.35,524852000,958000000,318000000,0.01714769115865044,640000000
2013-02-28,2677000000,98000000,2013-03-28,0.22,-0.3,527222000,210000000,323000000,0.18587995189882062,-113000000
2013-05-31,3071000000,-84000000,2013-06-28,-0.13,0.06,524160000,630000000,446000000,-0.16025641025641027,184000000
2013-08-31,1573000000,-965000000,2013-09-27,-0.47,-0.48,524481000,-144000000,357000000,-1.8399141246298722,-501000000
2013-11-30,1193000000,-4401000000,2013-12-20,-0.67,-0.44,525656000,-81000000,294000000,-8.372395635168246,-375000000
2014-02-28,976000000,-423000000,2014-03-28,-0.08,-0.56,526374000,-564000000,266000000,-0.8036111206100606,-830000000
2014-05-31,966000000,23000000,2014-06-19,-0.11,-0.26,658228000,302000000,168000000,0.03494229962870009,134000000
2014-08-31,916000000,-207000000,2014-09-26,-0.02,-0.16,527218000,112000000,146000000,-0.39262695886711,-34000000
2014-11-30,793000000,-148000000,2014-12-19,0.01,-0.05,528090000,189000000,145000000,-0.28025525952015756,44000000
2015-02-28,660000000,28000000,2015-03-27,0.04,-0.04,543556000,210000000,49000000,0.05151263163317119,161000000
2015-05-31,658000000,68000000,2015-06-23,-0.05,-0.04,670539000,134000000,22000000,0.10141095447095545,112000000
2015-08-31,490000000,51000000,2015-09-25,-0.17,-0.09,667321000,110000000,30000000,0.07642498887342074,80000000
2015-11-30,464000000,-238000000,2015-12-18,-0.03,-0.15,524627000,13000000,16000000,-0.45365564486768695,-3000000
2016-02-29,464000000,-238000000,2016-04-01,-0.03,-0.1,524627000,-149000000,34000000,-0.45365564486768695,-183000000
2016-05-31,400000000,-670000000,2016-06-23,-1.2838,-0.08,521905000,-61000000,13000000,-1.2837585384313237,-74000000
2016-08-31,334000000,-372000000,2016-09-28,-0.7115,-0.05,522826000,-32000000,13000000,-0.7115177898574286,-45000000
2016-11-30,289000000,-117000000,2016-12-20,0.02,-0.01,526102000,-149000000,16000000,-0.22239033495405833,-165000000
2017-02-28,286000000,-47000000,2017-03-31,0.04,0.0032,590852000,18000000,27000000,-0.07954614692004089,-9000000
2017-05-31,235000000,671000000,2017-06-23,0.02,-0.07,544077000,863000000,10000000,1.233281318636884,853000000
2017-08-31,238000000,19000000,2017-09-28,0.05,-0.05,591881000,4000000,10000000,0.03210104733890765,-6000000
2017-11-30,226000000,-275000000,2017-12-20,0.03,-0.01,532496000,-1000000,13000000,-0.5164358042126138,-14000000
2018-02-28,233000000,-10000000,2018-03-28,0.05,0.01,597094000,-162000000,12000000,-0.01674778175630638,-174000000
2018-05-31,213000000,-60000000,2018-06-22,0.03,0.0007,536964000,-7000000,12000000,-0.11173933448052384,-19000000
2018-08-31,210000000,43000000,2018-09-28,0.04,0.01,597799000,29000000,13000000,0.07193053183427875,16000000
2018-11-30,226000000,59000000,2018-12-20,0.05,0.03,600906000,60000000,13000000,0.09818507387178693,47000000
2019-02-28,255000000,51000000,2019-03-29,0.11,0.06,615593000,18000000,11000000,0.08284694595292669,7000000
2019-05-31,247000000,-35000000,2019-06-26,0.01,0.0037,612345000,-64000000,9000000,-0.05715732144461047,-73000000
2019-08-31,244000000,-44000000,2019-09-24,-0.0995,-0.01,612843000,17000000,13000000,-0.07179652863784036,4000000
2019-11-30,267000000,-32000000,2019-12-20,0.03,0.02,615085000,39000000,11000000,-0.05202532983246218,28000000
2020-02-29,282000000,-41000000,2020-03-31,0.09,0.04,556668000,34000000,11000000,-0.0736525181975612,23000000
2020-05-31,206000000,-636000000,2020-06-24,0.02,-0.02,557839000,-31000000,9000000,-1.1401139038324677,-40000000
2020-08-31,259000000,-23000000,2020-09-24,0.11,0.02,558882000,31000000,10000000,-0.04115358877186955,21000000
2020-11-30,218000000,-130000000,2020-12-17,0.02,-0.01,562443000,30000000,9000000,-0.23113453274376247,21000000
2021-02-28,210000000,-315000000,2021-03-30,0.03,0.03,566089000,52000000,16000000,-0.5564496042141783,36000000
2021-05-31,174000000,-62000000,2021-06-24,-0.05,-0.05,567358000,-33000000,8000000,-0.10927844500297872,-41000000
2021-08-31,175000000,-144000000,2021-09-22,-0.06,-0.07,568082000,15000000,10000000,-0.25348453216261035,5000000
2021-11-30,184000000,74000000,2021-12-21,-0.0538,-0.07,631971000,-19000000,10000000,0.11709398057822273,-29000000
2022-02-28,185000000,144000000,2022-03-31,0.01,-0.04,636716000,9000000,11000000,0.22616048599375546,-2000000
2022-05-31,168000000,-181000000,2022-06-23,-0.05,-0.06,637710000,-42000000,9000000,-0.28382807232127455,-51000000
2022-08-31,168000000,-54000000,2022-09-27,-0.05,-0.07,638147000,-24000000,11000000,-0.08462000134765188,-35000000
2022-11-30,169000000,-4000000,2022-12-20,-0.05,-0.07,639781000,-187000000,9000000,-0.00625213940395229,-196000000
2023-02-28,151000000,-495000000,2023-03-30,-0.02,-0.07,581493000,-10000000,12000000,-0.8512570228704387,-22000000
2023-05-31,373000000,-11000000,2023-06-28,0.06,-0.05,582812000,99000000,10000000,-0.018874010830250577,89000000
2023-08-31,132000000,-42000000,2023-09-28,-0.04,-0.05,583524000,-56000000,3000000,-0.07197647397536348,-59000000
2023-11-30,152000000,-21000000,2023-12-20,0.01,-0.02,638470000,-31000000,4000000,-0.03289113035851332,-35000000
2024-02-29,173000000,-56000000,2024-04-03,0.03,-0.03,587523000,-15000000,4000000,-0.09531541743897685,-19000000
2024-05-31,123400000,-41400000,2024-06-26,-0.03,-0.03,589821000,-15100000,2900000,-0.07019078669630277,-18000000
2024-08-31,145000000,-19000000,2024-09-26,-0.0322,-0.03,590549000,-16000000,2800000,-0.03217345216061664,-18800000
2024-11-30,143000000,-11000000,2024-12-19,0.02,-0.01,593530000,6100000,3300000,-0.018533182821424358,2800000
2025-02-28,143900000,-7000000,2025-04-02,0.03,0.02,591470000,41500000,1100000,-0.011834919776150947,40400000
2025-05-31,121700000,1900000,2025-06-24,0.02,0.0026,600831000,-18000000,2100000,0.0031622868993111206,-20100000
2025-08-31,129600000,13300000,2025-09-25,0.04,0.01,598697000,3900000,2200000,0.022214910046317253,1700000
2025-11-30,141800000,13665278,2025-12-18,0.05,0.04,598054000,18182777,898453,0.022849572112217293,17284324
