fiscalDateEnding,totalRevenue,netIncome,reportedDate,reportedEPS,estimatedEPS,commonStockSharesOutstanding,operatingCashflow,capitalExpenditures,eps_computed_simple,freeCashFlow
2023-12-31,141604000,-1445000,2024-01-25,0.47,0.49,42852000,52345000,1067000,-0.03372071315224494,51278000
2024-03-31,161787000,-20188000,2024-04-18,0.49,0.47,42777000,10969000,235000,-0.47193585337915234,10734000
2024-06-30,161790000,16372000,2024-07-18,0.55,0.52,37473372,28266000,658000,0.4368968984162941,27608000
2024-09-30,166080000,20142000,2024-10-24,0.58,0.55,37514236,24362000,513000,0.5369161723032291,23849000
2024-12-31,164838000,17536000,2025-01-30,0.6,0.55,37583264,43486000,1812000,0.46659066120494486,41674000
2025-03-31,159376000,19100000,2025-04-24,0.56,0.48,37618453,8014000,3379000,0.5077295443276203,4635000
2025-06-30,160039000,22026000,2025-07-24,0.69,0.59,37637368,41214000,2207000,0.5852162669823245,39007000
2025-09-30,228474000,-50240000,2025-10-29,0.44,0.74,36889672,15377000,3477000,-1.361898799208624,11900000
