fiscalDateEnding,totalRevenue,netIncome,reportedDate,reportedEPS,estimatedEPS,commonStockSharesOutstanding,operatingCashflow,capitalExpenditures,eps_computed_simple,freeCashFlow
2004-10-31,6646000000,148000000,2004-12-15,0.3,0.3,506600000,714000000,150000000,0.2921437031188314,564000000
2005-04-30,6118000000,170000000,2005-06-14,0.34,0.2,505300000,-419000000,105000000,0.33643380170195925,-524000000
2005-07-31,6702000000,188000000,2005-09-13,0.37,0.38,509100000,222000000,175000000,0.369279120015714,47000000
2005-10-31,7335000000,138000000,2005-12-13,0.28,0.3,507200000,608000000,217000000,0.27208201892744477,391000000
2006-04-30,6959000000,234000000,2006-06-13,0.47,0.36,500800000,-723000000,154000000,0.4672523961661342,-877000000
2006-07-31,7603000000,230000000,2006-09-12,0.47,0.44,496500000,683000000,145000000,0.46324269889224573,538000000
2006-10-31,8473000000,150000000,2006-12-12,0.31,0.35,495800000,288000000,221000000,0.30254134731746674,67000000
2007-04-30,7927000000,192000000,2007-06-19,0.39,0.49,491500000,-428000000,179000000,0.3906408952187182,-607000000
2007-07-31,8750000000,250000000,2007-09-18,0.55,0.44,456200000,559000000,197000000,0.5480052608505042,362000000
2007-10-31,9928000000,228000000,2007-12-18,0.53,0.41,430800000,1115000000,208000000,0.5292479108635098,907000000
2008-01-31,13418000000,737000000,2008-04-02,1.65,,423400000,779000000,213000000,1.740670760510156,566000000
2008-04-30,8990000000,179000000,2008-06-17,0.43,0.37,423400000,-61000000,220000000,0.42276806802078415,-281000000
2008-07-31,9801000000,202000000,2008-09-16,0.48,0.57,423300000,111000000,282000000,0.4772029293645169,-171000000
2008-10-31,11500000000,52000000,2008-12-16,0.35,0.24,422600000,-130000000,425000000,0.12304779933743493,-555000000
2009-01-31,14724000000,570000000,2009-03-26,1.35,,425700000,1957000000,376000000,1.3389711064129668,1581000000
2009-04-30,10095000000,153000000,2009-06-16,0.42,0.34,425700000,-53000000,186000000,0.3594080338266385,-239000000
2009-07-31,11022000000,158000000,2009-09-15,0.37,0.42,427000000,291000000,124000000,0.3700234192037471,167000000
2009-10-31,12024000000,227000000,2009-12-15,0.53,0.44,428600000,441000000,159000000,0.5296313579094727,282000000
2010-01-31,16553000000,779000000,2010-03-25,1.8156,,431700000,1527000000,146000000,1.804493861477878,1381000000
2010-04-30,10787000000,155000000,2010-06-15,0.36,0.5,431700000,169000000,161000000,0.35904563354181146,8000000
2010-07-31,11339000000,254000000,2010-09-14,0.6,0.44,423600000,-85000000,181000000,0.5996222851746931,-266000000
2010-10-31,11890000000,217000000,2010-12-14,0.54,0.61,407800000,461000000,187000000,0.5321235899950957,274000000
2011-01-31,16256000000,651000000,2011-03-24,1.6187,,397200000,645000000,215000000,1.6389728096676737,430000000
2011-04-30,10940000000,136000000,2011-06-14,0.35,0.33,397200000,1324000000,203000000,0.3423967774420947,1121000000
2011-07-31,11347000000,177000000,2011-09-13,0.47,0.53,381400000,213000000,208000000,0.4640797063450446,5000000
2011-10-31,12099000000,154000000,2011-12-13,0.47,0.51,368800000,1090000000,205000000,0.4175704989154013,885000000
2012-04-30,10373000000,158000000,2012-05-22,0.72,0.59,342800000,379000000,141000000,0.46091015169194866,238000000
2012-07-31,10547000000,12000000,2012-08-21,0.2,0.31,338600000,-601000000,175000000,0.03544004725339634,-776000000
2012-10-31,9381000000,-10000000,2012-11-20,0.03,0.12,337200000,101000000,206000000,-0.02965599051008304,-105000000
2013-01-31,14354632743,-702636321,2013-03-01,-1.2097,,338100000,1707181686,247090845,-2.0781908340727595,1460090841
2013-04-30,9380000000,-81000000,2013-05-21,0.36,0.25,341000000,-5000000,174000000,-0.2375366568914956,-179000000
2013-07-31,9300000000,266000000,2013-08-20,0.32,0.12,344400000,24000000,127000000,0.7723577235772358,-103000000
2013-10-31,9362000000,54000000,2013-11-19,0.18,0.12,348900000,305000000,121000000,0.15477214101461736,184000000
2014-01-31,14368000000,293000000,2014-02-27,0.831,1.01,352600000,770000000,125000000,0.8309699376063528,645000000
2014-04-30,8639000000,461000000,2014-05-22,0.33,0.2,350400000,308000000,111000000,1.3156392694063928,197000000
2014-07-31,8459000000,146000000,2014-08-26,0.44,0.12,352200000,179000000,147000000,0.4145371947756956,32000000
2014-10-31,9032000000,107000000,2014-11-20,0.32,0.25,354000000,287000000,167000000,0.3022598870056497,120000000
2015-01-31,13028000000,519000000,2015-03-03,0.37,1.35,356200000,1161000000,136000000,1.4570466030320044,1025000000
2015-04-30,8558000000,129000000,2015-05-21,0.37,0.29,357600000,-10000000,124000000,0.36073825503355705,-134000000
2015-07-31,8528000000,164000000,2015-08-25,0.49,0.31,353900000,318000000,169000000,0.46340774230008475,149000000
2015-10-31,8819000000,125000000,2015-11-19,0.41,0.35,349000000,155000000,200000000,0.35816618911174786,-45000000
2016-01-31,13623000000,479000000,2016-02-25,1.53,1.39,342300000,859000000,156000000,1.3993572889278412,703000000
2016-04-30,8443000000,229000000,2016-05-24,0.44,0.35,326700000,483000000,136000000,0.7009488827670646,347000000
2016-07-31,8533000000,198000000,2016-08-23,0.57,0.34,322900000,805000000,140000000,0.6131929389903995,665000000
2016-10-31,8945000000,194000000,2016-11-17,0.62,0.47,320000000,107000000,169000000,0.60625,-62000000
2017-01-31,13482000000,607000000,2017-03-01,1.95,1.67,318300000,1150000000,137000000,1.9070059692114358,1013000000
2017-04-30,8528000000,188000000,2017-05-25,0.57,0.4,315000000,243000000,153000000,0.5968253968253968,90000000
2017-07-31,8940000000,209000000,2017-08-29,0.69,0.43,310800000,449000000,143000000,0.6724581724581724,306000000
2017-10-31,9320000000,239000000,2017-11-16,0.78,0.78,305400000,511000000,193000000,0.7825802226588081,318000000
2018-01-31,15363000000,364000000,2018-03-01,2.42,2.04,296700000,938000000,199000000,1.2268284462419954,739000000
2018-04-30,9109000000,208000000,2018-05-24,0.82,0.74,288300000,204000000,181000000,0.7214706902532084,23000000
2018-07-31,9379000000,244000000,2018-08-28,0.91,0.83,283700000,904000000,194000000,0.8600634473034896,710000000
2018-10-31,9590000000,277000000,2018-11-20,0.93,0.85,279300000,-1000000,244000000,0.991765127103473,-245000000
2019-01-31,14801000000,735000000,2019-02-27,2.72,2.56,273400000,1301000000,200000000,2.6883686905632773,1101000000
2019-04-30,9142000000,265000000,2019-05-23,1.02,0.86,271500000,2000000,193000000,0.9760589318600368,-191000000
2019-07-31,9536000000,238000000,2019-08-29,1.08,0.99,269400000,623000000,192000000,0.8834446919079436,431000000
2019-10-31,9764000000,293000000,2019-11-26,1.13,1.03,265200000,312000000,201000000,1.1048265460030167,111000000
2020-01-31,15196000000,745000000,2020-02-27,2.9,2.75,262400000,1628000000,157000000,2.839176829268293,1471000000
2020-04-30,8562000000,159000000,2020-05-21,0.67,0.5,260400000,827000000,178000000,0.6105990783410138,649000000
2020-07-31,9910000000,432000000,2020-08-25,1.71,1.08,262100000,2961000000,162000000,1.6482258679893171,2799000000
2020-10-31,11853000000,391000000,2020-11-24,2.06,1.7,263700000,119000000,194000000,1.4827455441789912,-75000000
2021-01-31,16937000000,816000000,2021-02-25,3.48,3.45,263200000,1020000000,179000000,3.1003039513677813,841000000
2021-04-30,11637000000,595000000,2021-05-27,2.23,1.39,256700000,105000000,161000000,2.3178807947019866,-56000000
2021-07-31,11849000000,734000000,2021-08-24,2.98,1.85,252800000,759000000,162000000,2.903481012658228,597000000
2021-10-31,11910000000,499000000,2021-11-23,2.08,1.91,249100000,197000000,225000000,2.0032115616218387,-28000000
2022-01-31,16365000000,626000000,2022-03-03,2.73,2.73,239000000,2191000000,189000000,2.6192468619246863,2002000000
2022-04-30,10647000000,341000000,2022-05-24,1.57,1.61,228400000,-1384000000,215000000,1.4929947460595447,-1599000000
2022-07-31,10329000000,306000000,2022-08-30,1.54,1.54,226100000,675000000,226000000,1.3533834586466165,449000000
2022-10-31,10587000000,277000000,2022-11-22,1.38,1.03,226200000,601000000,255000000,1.224580017683466,346000000
2023-01-31,14735000000,495000000,2023-03-02,2.61,2.1,221800000,1932000000,234000000,2.2317403065825068,1698000000
2023-04-30,9467000000,244000000,2023-05-25,1.15,1.11,219900000,-331000000,204000000,1.1095952705775352,-535000000
2023-07-31,9583000000,274000000,2023-08-29,1.22,1.07,219000000,512000000,191000000,1.2511415525114156,321000000
2023-10-31,9756000000,263000000,2023-11-21,1.29,1.18,218300000,109000000,217000000,1.2047640861200184,-108000000
2024-01-31,14646000000,460000000,2024-02-29,2.72,2.52,216800000,1180000000,183000000,2.121771217712177,997000000
2024-04-30,8847000000,246000000,2024-05-30,1.2,1.08,217200000,156000000,152000000,1.132596685082873,4000000
2024-07-31,9288000000,291000000,2024-08-29,1.34,1.16,217100000,661000000,183000000,1.3403961308152925,478000000
2024-10-31,9445000000,273000000,2024-11-26,1.26,1.29,216700000,-256000000,193000000,1.2598061836640517,-449000000
2025-01-31,13948000000,117000000,2025-03-04,2.58,2.4066,215400000,1537000000,178000000,0.5431754874651811,1359000000
2025-04-30,8767000000,202000000,2025-05-29,1.15,1.1,213000000,34000000,166000000,0.9483568075117371,-132000000
2025-07-31,9438000000,186000000,2025-08-28,1.28,1.22,212500000,749000000,175000000,0.8752941176470588,574000000
2025-10-31,9672000000,140000000,2025-11-25,1.4,1.3,212100000,-99000000,188000000,0.6600660066006601,-287000000
