fiscalDateEnding,totalRevenue,netIncome,reportedDate,reportedEPS,estimatedEPS,commonStockSharesOutstanding,operatingCashflow,capitalExpenditures,eps_computed_simple,freeCashFlow
2005-09-30,38772000,1873000,2005-11-03,0.0362,,51697000,16024000,3864000,0.03623034218620036,12160000
2005-12-31,37812000,290000,2006-02-15,0.0057,,51601500,1975000,4030000,0.005619991666908908,-2055000
2006-03-31,42552000,2020000,2006-05-09,0.0395,,51137000,5055000,6290000,0.03950173064512975,-1235000
2006-06-30,38934000,-304000,2006-08-02,-0.0075,,50142000,4306000,7253000,-0.006062781699972079,-2947000
2006-09-30,38103000,-526000,2006-11-06,-0.01,,50176000,20781000,7881000,-0.010483099489795918,12900000
2006-12-31,44725000,3250000,2007-02-14,0.0632,,51349500,6653000,10300000,0.06329175551855422,-3647000
2007-03-31,41414000,857000,2007-05-03,0.0163,,51441000,13725000,7837000,0.01665986275538967,5888000
2007-06-30,272956000,12651000,2007-08-09,-0.1253,,50423000,10180000,7806000,0.25089740792892135,2374000
2007-09-30,295713000,10469000,2007-11-08,-0.119,,50423000,3702000,14781000,0.20762350514646094,-11079000
2007-12-31,38241000,-21004000,2008-02-28,-0.4161,,50423000,-10963000,9391000,-0.41655593677488445,-20354000
2008-03-31,40726000,-455000,2008-05-24,-0.2624,,187801500,-22090000,7139000,-0.0024227708511380367,-29229000
2008-06-30,305472000,11984000,2008-08-06,0.1582,,190121000,126708000,12978000,0.06303354179706608,113730000
2008-09-30,300674000,6853000,2008-11-06,0.0837,,196574000,-22909000,26088000,0.03486218930275621,-48997000
2008-12-31,290034000,-13000,2009-02-27,-0.0002,,152876000,119865000,68300000,-8.50362385201078e-05,51565000
2009-03-31,1312000,8080000,2009-05-07,0.0995,,199981000,124441000,10349000,0.04040383836464464,114092000
2009-06-30,702000,8068000,2009-08-05,0.1001,,211074000,86590000,10664000,0.03822356140500488,75926000
2009-09-30,2189000,2175000,2009-11-03,0.0277,,215620000,86195000,12074000,0.010087190427604118,74121000
2009-12-31,3049000,1702000,2010-02-24,0.0158,,218765500,225485000,12990000,0.0077800201585716214,212495000
2010-03-31,2911000,-4211000,2010-05-06,-0.0508,,218765500,-23289000,17126000,-0.019248921790684544,-40415000
2010-06-30,3596000,7398000,2010-08-04,0.0864,,226495000,-7601000,11268000,0.03266297269255392,-18869000
2010-09-30,3796000,6224000,2010-11-02,0.07,,228288000,2959000,7924000,0.02726380712082983,-4965000
2010-12-31,656000,11751000,2011-02-17,0.1231,,232816500,86350000,8609000,0.05047322676872129,77741000
2011-03-31,4395000,8666000,2011-05-05,0.0879,,237065000,63235000,11239000,0.036555375108092716,51996000
2011-06-30,4768000,9664000,2011-07-25,0.0867,,244110000,-65052000,11293000,0.03958871000778338,-76345000
2011-09-30,6754000,-2033000,2011-10-27,-0.0164,,249125000,41424000,8083000,-0.008160561966884094,33341000
2011-12-31,8689000,3840000,2012-02-24,0.033,,254140000,48052000,13579000,0.015109782009915794,34473000
2012-03-31,397417000,8189000,2012-05-03,0.0598,,264170000,-11789000,11930000,0.030998977930877844,-23719000
2012-06-30,452190000,1958000,2012-07-26,0.0141,,274756000,95365000,14537000,0.007126322992036571,80828000
2012-09-30,443312000,-451000,2012-11-02,-0.0031,,277782500,12079000,13016000,-0.0016235723992692125,-937000
2012-12-31,493952000,14168000,2013-02-14,0.0921,,297610000,75545000,11891000,0.04760592722018749,63654000
2013-03-31,448257000,6998000,2013-05-02,0.0426,,317823000,7517000,10930000,0.022018544913363726,-3413000
2013-06-30,471244000,34466000,2013-08-01,0.185,,378092000,52507000,6373000,0.09115770764787406,46134000
2013-09-30,404189000,25326000,2013-10-31,0.1,0.1,355167000,42535000,8495000,0.07130730050933787,34040000
2013-12-31,428896000,4134000,2014-02-12,0.13,0.11,318080000,63807000,14881000,0.012996730382293762,48926000
2014-03-31,444789000,8008000,2014-05-01,0.13,0.13,322074000,64000,5972000,0.024863851164639184,-5908000
2014-06-30,417202000,7601000,2014-07-28,0.13,0.13,326586000,29094000,6647000,0.023274114628306173,22447000
2014-09-30,436216000,7211000,2014-10-30,0.17,0.16,331209000,51667000,7316000,0.021771751371490507,44351000
2014-12-31,489283000,-18685000,2015-02-11,0.18,0.18,279590500,102718000,7038000,-0.06682988155892278,95680000
2015-03-31,547567000,14055000,2015-04-29,0.18,0.18,338484000,-63344000,9147000,0.0415233807210976,-72491000
2015-06-30,669131000,9347000,2015-07-31,0.18,0.17,366774000,56657000,12753000,0.025484358215140657,43904000
2015-09-30,685295000,38371000,2015-10-28,0.2,0.19,394026000,133247000,18130000,0.09738189865643385,115117000
2015-12-31,673444000,65015000,2016-02-10,0.18,0.19,289597000,86304000,16937000,0.22450163503074963,69367000
2016-03-31,640654000,12505000,2016-04-27,0.18,0.18,434855000,-200523000,14909000,0.02875671200745076,-215432000
2016-06-30,653770000,14467000,2016-07-28,0.19,0.19,437257000,-282586000,18448000,0.03308580537304148,-301034000
2016-09-30,734820000,87211000,2016-10-27,0.21,0.21,429761000,34152000,14919000,0.20292906987837425,19233000
2016-12-31,678122000,12211000,2017-02-09,0.25,0.24,433412000,224027000,23302000,0.028174116083541756,200725000
2017-03-31,773187000,36825000,2017-05-04,0.23,0.23,444826000,424291000,14805000,0.08278517892389384,409486000
2017-06-30,848901000,52920000,2017-07-26,0.29,0.24,451857000,12588000,21355000,0.11711669842450155,-8767000
2017-09-30,827028000,81529000,2017-10-26,0.1828,0.29,457341000,352038000,21152000,0.17826741971526716,330886000
2017-12-31,894234000,-119799000,2018-02-09,0.2206,0.29,455798500,477201000,19043000,-0.2628332475863786,458158000
2018-03-31,524774000,58774000,2018-05-03,0.2017,0.31,478935000,-832735000,8064999,0.12271811414910165,-840799999
2018-06-30,491043000,35203000,2018-08-02,0.1891,0.28,481461000,638579000,13855000,0.0731170333630346,624724000
2018-09-30,918657000,120286000,2018-10-25,0.2647,0.28,487636000,-563898000,22869000,0.2466716977417582,-586767000
2018-12-31,-956166000,-16743000,2019-02-14,0.14,0.16,331382000,-57522000,10198000,-0.05052477201537802,-67720000
2019-03-31,541086000,61868000,2019-05-07,0.18,0.18,516066000,-60778000,18382000,0.11988389082016641,-79160000
2019-06-30,543374000,13611000,2019-07-25,0.17,0.18,522984000,119064000,24875000,0.026025652792437244,94189000
2019-09-30,517161000,-3529000,2019-10-24,0.15,0.15,346060000,75294000,23358000,-0.010197653586083337,51936000
2019-12-31,467869000,-16243000,2020-02-06,0.12,0.11,351431000,105482000,28896000,-0.046219599295452024,76586000
2020-03-31,599006000,13674000,2020-05-05,0.19,0.19,538442000,-71594000,19562000,0.025395492922171747,-91156000
2020-06-30,512552000,27919000,2020-07-30,0.15,0.15,546123000,144621000,28770000,0.0511221830979468,115851000
2020-09-30,452624000,8850000,2020-10-28,0.11,0.11,549244000,64263999,21329999,0.01611305722047032,42934000
2020-12-31,480209000,-12886000,2021-02-24,0.13,0.12,365259000,162728000,15164000,-0.035279075943371686,147564000
2021-03-31,564538000,42716000,2021-04-29,0.18,0.185,557068000,44191000,12864000,0.07668004624211047,31327000
2021-06-30,500995000,16240000,2021-08-04,0.16,0.155,563923000,154124000,16943000,0.028798257918190958,137181000
2021-09-30,470705000,-11402000,2021-11-03,0.14,0.15,387121000,107775000,9946000,-0.02945332337951183,97829000
2021-12-31,457149000,76453000,2022-02-16,0.17,0.1653,509153000,117474000,13537000,0.15015722189597233,103937000
2022-03-31,504029000,25972000,2022-05-02,0.21,0.2097,502877000,-9883000,12072000,0.0516468241737045,-21955000
2022-06-30,426795000,14762000,2022-08-03,0.17,0.1621,507005000,63851000,13817000,0.029116083667813927,50034000
2022-09-30,412457000,5762000,2022-11-02,0.16,0.15,496985000,77969000,15620000,0.011593911285048844,62349000
2022-12-31,431014000,2216000,2023-02-27,0.16,0.15,492549000,92425000,17251000,0.0044990447650893614,75174000
2023-03-31,527552000,18978000,2023-05-03,0.23,0.23,501067000,24487000,14537000,0.03787517437787761,9950000
2023-06-30,479709000,-19704000,2023-08-02,0.2,0.19,391745000,-105683000,17014000,-0.05029802550128272,-122697000
2023-09-30,472544000,17046000,2023-10-31,0.19,0.21,477545000,312897000,2179000,0.03569506538650808,310718000
2023-12-31,500174000,19945000,2024-02-14,0.21,0.2,476452000,173502000,16851000,0.04186150965889533,156651000
2024-03-31,568850000,49210000,2024-04-30,0.25,0.25,477973000,28092000,15217000,0.10295560627901576,12875000
2024-06-30,533616000,37828000,2024-07-30,0.23,0.23,480861000,-52950000,18949000,0.07866722400028282,-71899000
2024-09-30,544167000,14747000,2024-10-31,0.26,0.23,478652000,88320000,20558000,0.030809439843560667,67762000
2024-12-31,559962000,25203000,2025-02-14,0.25,0.25,479088000,251888000,17331000,0.052606201783388436,234557000
2025-03-31,652611000,55164000,2025-05-07,0.29,0.28,485549000,839000,15495000,0.11361160253651022,-14656000
2025-06-30,768736000,57545000,2025-07-31,0.31,0.31,484636000,71239000,14407000,0.11873859969131471,56832000
2025-09-30,722810000,27882000,2025-11-06,0.29,0.29,484636000,141860000,18368000,0.05753183832814731,123492000
