fiscalDateEnding,totalRevenue,netIncome,reportedDate,reportedEPS,estimatedEPS,commonStockSharesOutstanding,operatingCashflow,capitalExpenditures,eps_computed_simple,freeCashFlow
2004-12-31,14793500000.0,3194000000.0,2005-02-16,0.89,0.83,3078000000.0,4022500000.0,1675000000.0,1.0376868096166343,2347500000.0
2005-06-30,15433000000.0,3372000000.0,2005-08-15,1.19,0.74,2833613400.0,8926000000.0,4364000000.0,1.1900000190569398,4562000000.0
2006-06-30,16076500000.0,5225000000.0,2006-08-15,1.19,1.95,3033000000.0,5238000000.0,3002500000.0,1.722716782063963,2235500000.0
2006-12-31,19749000000.0,6708000000.0,2007-02-07,2.08,2.12,5930769300.0,7797500000.0,3588000000.0,1.1310505704546625,4209500000.0
2007-06-30,19749000000.0,6708000000.0,2007-08-22,2.6,2.7,5575384600.0,7797500000.0,3588000000.0,1.2031456986841769,4209500000.0
2010-09-30,35869500000.0,11824000000.0,2010-12-31,0.9427,0.0,2770000000.0,15040000000.0,5808500000.0,4.268592057761733,9231500000.0
2010-12-31,35869500000.0,11824000000.0,2011-03-31,1.1939,0.0,4407404300.0,15040000000.0,5808500000.0,2.682758193978256,9231500000.0
2011-06-30,35869500000.0,11824000000.0,2011-09-30,0.9395,0.0,4656377500.0,15040000000.0,5808500000.0,2.539313017469052,9231500000.0
2011-12-31,56588000000.0,11638500000.0,2012-03-31,0.5025,0.0,4997512450.0,18332000000.0,14918500000.0,2.3288586304572387,3413500000.0
2012-03-31,17387000000.0,2693500000.0,2012-06-30,0.5125,0.0,5346000000.0,6052000000.0,5918500000.0,0.5038346427235316,133500000.0
2012-06-30,15638000000.0,3778500000.0,2012-09-30,0.415,0.0,2675121951.0,6927000000.0,6211500000.0,1.4124589716695124,715500000.0
2012-09-30,16033000000.0,2622500000.0,2012-12-31,0.415,0.0,5340963855.0,3586500000.0,6157000000.0,0.4910162418614608,-2570500000.0
2012-12-31,32066000000.0,5245000000.0,2013-03-31,0.6359,0.0,2670481927.0,7173000000.0,12314000000.0,1.9640649678135793,-5141000000.0
2013-06-30,33922000000.0,6790000000.0,2013-09-30,0.7595,0.0,5337063857.0,12981000000.0,11280000000.0,1.2722351056553978,1701000000.0
2013-09-30,16974000000.0,4443500000.0,2013-12-31,0.7595,0.0,5337063857.0,5929500000.0,4554500000.0,0.8325738868895082,1375000000.0
2014-06-30,9993500000.0,-1177500000.0,2014-09-30,0.3624,0.0,2659500000.0,13505000000.0,6308000000.0,-0.4427523970671179,7197000000.0
2014-09-30,12572000000.0,2196000000.0,2014-12-31,0.3624,0.0,5334000000.0,5211500000.0,3385000000.0,0.41169853768278963,1826500000.0
2014-12-31,25144000000.0,4265000000.0,2015-03-31,-0.0417,0.0,2667000000.0,10423000000.0,6770000000.0,1.599175103112111,3653000000.0
2015-03-31,9986500000.0,-1000000.0,2015-06-30,-0.0417,0.0,5319000000.0,4436500000.0,2996500000.0,-0.00018800526414739614,1440000000.0
2015-06-30,19973000000.0,-2355000000.0,2015-09-30,-0.5326,0.0,2666000000.0,8873000000.0,5993000000.0,-0.8833458364591148,2880000000.0
2015-09-30,7981500000.0,-4592500000.0,2015-12-31,-0.5326,0.0,5322005257.0,2630000000.0,2184000000.0,-0.8629266184883064,446000000.0
2015-12-31,15963000000.0,-5669000000.0,2016-02-23,-1.07,0.0,2661000000.0,5260000000.0,4368000000.0,-2.130402104472003,892000000.0
2016-06-30,15392000000.0,-716000000.0,2016-08-16,-0.13,0.0,5322000000.0,5365000000.0,3343000000.0,-0.13453588876362269,2022000000.0
2016-09-30,9653000000.0,1726000000.0,2016-12-31,0.3,0.0,5340000000.0,3848500000.0,1363500000.0,0.32322097378277154,2485000000.0
2016-12-31,19306000000.0,3204000000.0,2017-02-21,0.6,0.0,2668000000.0,7697000000.0,2727000000.0,1.2008995502248876,4970000000.0
2017-06-30,11111500000.0,845000000.0,2017-08-21,0.5,0.0,2668000000.0,9107000000.0,1525000000.0,0.3167166416791604,7582000000.0
2017-09-30,10324500000.0,1203000000.0,2017-12-31,0.1728,0.0,5345473278.0,3671500000.0,1271000000.0,0.22505023174488686,2400500000.0
2017-12-31,20649000000.0,2015000000.0,2018-02-20,0.72,0.0,2669000000.0,7343000000.0,2542000000.0,0.7549644061446235,4801000000.0
2018-03-31,11368500000.0,2669000000.0,2018-04-18,0.4479,0.0,5336000000.0,61656500.0,1655500000.0,0.5001874062968515,-1593843500.0
2018-06-30,22737000000.0,1690000000.0,2018-08-20,0.99,0.0,2668000000.0,11118000000.0,3311000000.0,0.6334332833583208,7807000000.0
2018-09-30,10456000000.0,2221000000.0,2018-10-16,0.3815,0.0,5318000000.0,3637000000.0,1529000000.0,0.41763820985332833,2108000000.0
2018-12-31,20912000000.0,3764000000.0,2019-02-19,0.76,0.0,2659000000.0,7274000000.0,3058000000.0,1.4155697630688229,4216000000.0
2019-03-31,11688000000.0,2539000000.0,2019-04-16,0.4519,0.0,5071918566.0,5298500000.0,2032500000.0,0.5005995200751809,3266000000.0
2019-06-30,23376000000.0,4542000000.0,2019-08-19,1.66,0.0,2534000000.0,10597000000.0,4065000000.0,1.792423046566693,6532000000.0
2019-09-30,11228000000.0,2595000000.0,2019-10-16,0.48,0.0,5070833333.0,3721000000.0,1897500000.0,0.5117502054568118,1823500000.0
2019-12-31,22456000000.0,4868000000.0,2020-02-17,0.96,0.0,5057000000.0,7442000000.0,3795000000.0,0.9626260628831322,3647000000.0
2020-03-31,10383500000.0,1773000000.0,2020-04-20,0.305,0.0,5068000000.0,4132000000.0,1922500000.0,0.34984214680347275,2209500000.0
2020-06-30,20767000000.0,3088000000.0,2020-08-17,0.61,0.0,5057690029.0,8264000000.0,3845000000.0,0.6105554081594351,4419000000.0
2020-09-30,12091500000.0,2510000000.0,2020-10-19,0.3825,0.0,5069000000.0,4684500000.0,1460500000.0,0.4951666995462616,3224000000.0
2020-12-31,24183000000.0,3876000000.0,2021-02-15,0.76,0.0,2534500000.0,9369000000.0,2921000000.0,1.529295719076741,6448000000.0
2021-03-31,16536000000.0,4328000000.0,2021-04-20,0.7326,0.0,5068159648.0,8932500000.0,1441500000.0,0.8539588924961978,7491000000.0
2021-06-30,33072000000.0,7428000000.0,2021-08-17,1.47,2.16,2533500000.0,17865000000.0,2883000000.0,2.931912374185909,14982000000.0
2021-09-30,15415500000.0,4767000000.0,2021-10-18,0.0,0.0,5072455089.0,6638500000.0,1439000000.0,0.939781607990497,5199500000.0
2021-12-31,30831000000.0,9443000000.0,2022-02-14,1.67,0.0,2536000000.0,13277000000.0,2878000000.0,3.7235804416403786,10399000000.0
2022-03-31,17290000000.0,6433000000.0,2022-04-20,0.0,0.0,5070349265.0,9448500000.0,1616500000.0,1.2687488896290067,7832000000.0
2022-06-30,34580000000.0,21457000000.0,2022-08-15,2.46,2.46,2535000000.0,9448500000.0,1616500000.0,8.46429980276134,7832000000.0
2022-09-30,12992000000.0,3563000000.0,2022-10-18,0.0,0.0,5073000000.0,3385000000.0,1513500000.0,0.7023457520205006,1871500000.0
2022-12-31,25984000000.0,6457000000.0,2023-02-20,1.27,3.2,2536500000.0,3385000000.0,1513500000.0,2.545633747289572,1871500000.0
2023-03-31,,,2023-04-20,0.0,0.0,,,,,
2023-06-30,27833000000.0,6464000000.0,2023-09-04,0.0,3.08,2536500000.0,11931000000.0,4056000000.0,2.5483934555489847,7875000000.0
2023-09-30,13728000000.0,463500000.0,2023-10-17,0.0,0.0,5078000000.0,4442000000.0,2372000000.0,0.0912760929499803,2070000000.0
2023-12-31,27232000000.0,927000000.0,2024-03-18,2.6,2.87,2539000000.0,8884000000.0,4744000000.0,0.3651043717999212,4140000000.0
2024-03-31,14285500000.0,3485000000.0,2024-04-17,0.0,0.0,5076000000.0,5890500000.0,2264500000.0,0.6865642237982663,3626000000.0
2024-06-30,28426000000.0,6970000000.0,2024-08-26,0.0,3.06,2538000000.0,11781000000.0,4529000000.0,2.7462568951930653,7252000000.0
2024-12-31,25176000000.0,4416000000.0,2025-02-17,0.87,1.84,2541500000.0,8317000000.0,5006000000.0,1.737556561085973,3311000000.0
2025-06-30,26086000000.0,4603000000.0,2025-08-18,2.0,2.16,2541500000.0,10380953000.0,4394993000.0,1.8111351564036986,5985960000.0
