fiscalDateEnding,totalRevenue,netIncome,reportedDate,reportedEPS,estimatedEPS,commonStockSharesOutstanding,operatingCashflow,capitalExpenditures,eps_computed_simple,freeCashFlow
2005-12-31,170976000,11245000,2006-03-24,-0.09,-0.19,65007000,9099999,25900000,0.1729813712369437,-16800001
2006-03-31,222183000,-19326000,2006-05-12,-0.3,-0.13,65007000,12119000,204600000,-0.29729106096266555,-192481000
2006-06-30,268427000,-20259000,2006-08-14,-0.31,-0.2,65007000,11120000,342252000,-0.31164336148414784,-331132000
2006-09-30,387043000,-31145000,2006-11-13,-0.34,-0.28,91640000,30438000,507272000,-0.33986250545613267,-476834000
2006-12-31,432260000,-37357000,2007-03-13,-0.37,-0.35,101302000,32235000,1997124000,-0.36876863240607294,-1964889000
2007-03-31,446834000,-35140000,2007-05-07,-0.35,-0.39,101302000,28828000,57198000,-0.34688357584253027,-28370000
2007-06-30,458410000,-18675000,2007-08-07,-0.18,-0.31,101520000,56082000,11735000,-0.18395390070921985,44347000
2007-09-30,464594000,-58927000,2007-11-07,-0.58,-0.27,101564000,53499000,44624000,-0.5801957386475523,8875000
2007-12-31,469458000,-49237000,2008-02-27,-0.49,-0.35,101995000,61253000,228100000,-0.48273934996813567,-166847000
2008-03-31,480648000,-55093000,2008-05-07,-0.54,-0.33,101995000,40629000,46958000,-0.5401539291141723,-6329000
2008-06-30,478201000,-3485000,2008-08-06,-0.03,-0.32,101856000,36095000,40710000,-0.03421497015394282,-4615000
2008-09-30,482277000,-35877000,2008-11-04,-0.36,-0.3,101398000,30630000,46511000,-0.35382354681551903,-15881000
2008-12-31,486928000,-278786000,2009-03-01,-2.75,-0.32,101738000,29413000,54849000,-2.740234720556724,-25436000
2009-03-31,497946000,-13636000,2009-05-06,-0.13,-0.33,101738000,68757000,33491000,-0.13403054905738268,35266000
2009-06-30,500757000,-10530000,2009-08-03,-0.1,-0.2,106042000,44315000,29443000,-0.09930027724863734,14872000
2009-09-30,505843000,-21290000,2009-11-02,-0.18,-0.17,118455000,72900000,25610000,-0.17973069942172132,47290000
2009-12-31,518522000,-20799000,2010-02-23,-0.13,-0.14,119315000,51248000,234083000,-0.1743200771068181,-182835000
2010-03-31,544424000,-14295000,2010-05-03,-0.12,-0.1,119315000,47129000,23102000,-0.11980890918995935,24027000
2010-06-30,548972000,-9557000,2010-08-02,-0.08,-0.1,119721000,67642000,22408000,-0.07982726505792634,45234000
2010-09-30,558464000,-16913000,2010-11-01,-0.14,-0.08,120404000,64384000,25094000,-0.14046875519085744,39290000
2010-12-31,561404000,-8136000,2011-02-23,-0.07,-0.06,120792000,49089000,23077000,-0.0673554540035764,26012000
2011-03-31,586920000,-12305000,2011-05-09,-0.1,-0.04,120792000,92666000,28589000,-0.10186932909464202,64077000
2011-06-30,583299000,-33959000,2011-08-08,-0.28,-0.02,121280000,64686000,39340000,-0.28000494722955144,25346000
2011-09-30,615728000,-7036000,2011-11-03,-0.06,-0.04,121616000,54650000,46659000,-0.05785422970661755,7991000
2011-12-31,671971000,-14875000,2012-02-16,-0.12,-0.01,121145000,56425000,45543000,-0.12278674315902431,10882000
2012-03-31,683525000,-10338000,2012-05-02,-0.11,-0.01,121145000,45693000,41533000,-0.0853357546741508,4160000
2012-06-30,690810000,-18810000,2012-08-06,-0.15,0.01,121708000,82854000,50433000,-0.15455023498866138,32421000
2012-09-30,612937000,-12010000,2012-11-01,-0.1,-0.02,122493000,79431000,59415000,-0.0980464189790437,20016000
2012-12-31,617243000,-24487000,2013-02-11,-0.2,-0.07,122608000,82991000,57031000,-0.19971779981730392,25960000
2013-03-31,631979000,3558000,2013-05-01,0.03,-0.03,124391000,64485000,51614000,0.028603355548230982,12871000
2013-06-30,628682000,-5200000,2013-08-07,-0.04,0.01,123405000,80343000,48677000,-0.04213767675539889,31666000
2013-09-30,638766000,-967000,2013-11-06,-0.01,-0.02,124128000,104247000,61231000,-0.007790345449858211,43016000
2013-12-31,646731000,-975000,2014-02-05,-0.01,0.02,124308000,117046000,96005000,-0.007843421179650546,21041000
2014-03-31,657712000,-2299000,2014-05-07,-0.02,0.06,124478000,52696000,59717000,-0.018469127074663794,-7021000
2014-06-30,661006000,-3295000,2014-08-06,-0.03,0.05,125058000,91518000,73712000,-0.026347774632570486,17806000
2014-09-30,965940000,-36862000,2014-11-05,-0.23,-0.06,159003000,12634000,79104000,-0.2318321037967837,-66470000
2014-12-31,1252103000,-106534000,2015-02-04,0.53,0.56,183432000,85804000,91712000,-0.5807819791530376,-5908000
2015-03-31,1067329000,-130451000,2015-05-07,0.63,0.6,183678000,10057000,79129000,-0.7102157035682009,-69072000
2015-06-30,1058817000,-84547000,2015-08-03,0.6,0.63,184266000,100767000,99219000,-0.45883125481640674,1548000
2015-09-30,1054776000,-68220000,2015-11-04,0.59,0.58,184570000,91361000,123430000,-0.3696158638998754,-32069000
2015-12-31,1056387999,-174259000,2016-02-08,0.58,0.46,184805000,90181000,109273000,-0.9429344444143827,-19092000
2016-03-31,1077928000,-48775000,2016-05-09,0.58,0.58,185153000,70343000,108510000,-0.2634307842703062,-38167000
2016-06-30,1072753999,-35450000,2016-08-08,0.66,0.59,185825000,107496000,81550000,-0.19077088658684246,25946000
2016-09-30,1058363000,-51685000,2016-11-01,0.51,0.62,185946000,99442000,73890000,-0.27795704129155774,25552000
2016-12-31,1208868000,-268487000,2017-02-13,0.44,0.43,185684000,88451000,69697000,-1.4459350294047952,18754000
2017-03-31,1032820999,-126304000,2017-05-08,0.5,0.42,185689000,66766000,48928000,-0.6801910721690568,17838000
2017-06-30,956512000,-46287000,2017-08-07,0.38,0.47,186212000,133108000,40642000,-0.24857152063239749,92466000
2017-09-30,941030000,-413885000,2017-11-06,-2.22,-0.24,186298000,83235000,50474000,-2.221628788285435,32761000
2017-12-31,925622000,15057000,2018-02-22,-0.26,-0.25,186585000,83555000,73843000,0.0806978052898143,9712000
2018-03-31,924947000,-457188000,2018-05-07,-0.35,-0.24,186880000,37964000,66592000,-2.44642551369863,-28628000
2018-06-30,913040000,-165488000,2018-08-06,-0.1,-0.22,187585000,60620000,53866000,-0.882202734760242,6754000
2018-09-30,858707000,-37121000,2018-11-05,-0.2,-0.44,187675000,71924000,48891000,-0.19779405887838017,23033000
2018-12-31,824503000,131539000,2019-02-13,0.7,-0.27,188220000,33453000,56124000,0.6988577196897248,-22671000
2019-03-31,825222000,-42595000,2019-05-06,-0.23,-0.31,186747000,-5009000,60055000,-0.22808934012326837,-65064000
2019-06-30,817312000,-55470000,2019-08-05,-0.3,-0.22,186140000,64128000,62242000,-0.2980015042441173,1886000
2019-09-30,814801000,-78458000,2019-11-04,-0.42,-0.23,185516000,69211000,84088000,-0.4229176998210397,-14877000
2019-12-31,809704000,-91408000,2020-02-18,-0.49,-0.23,185245000,88082000,97707000,-0.49344381764690004,-9625000
2020-03-31,891422000,369515000,2020-05-05,2.0,-0.14,184522000,57479000,69385000,2.0025525411604037,-11906000
2020-06-30,737705000,-118401000,2020-08-10,-0.65,-0.5,183178000,151840000,43478000,-0.6463712891286072,108362000
2020-09-30,706440000,-124975000,2020-11-04,-0.03,-0.28,183244000,-77169000,27827000,-0.6820141450743271,-104996000
2020-12-31,687690000,-44120000,2021-02-25,-0.24,-0.18,183389000,73499000,45181000,-0.24058149616389204,28318000
2021-03-31,738710000,-108285000,2021-05-06,-0.59,-0.51,184011000,-23857000,40361000,-0.5884702544956552,-64218000
2021-06-30,678976000,-83585000,2021-08-05,-0.45,-0.49,185182000,3410000,39177000,-0.4513667635083323,-35767000
2021-09-30,603716000,174282000,2021-11-04,0.89,-0.42,196230000,9355000,46279000,0.8881516587677725,-36924000
2021-12-31,608838000,-81702000,2022-02-14,-0.44,-0.45,185370000,-81387000,50840000,-0.44075093057128983,-132227000
2022-03-31,677444000,-100013000,2022-05-05,-0.54,-0.39,185916000,-23255000,39956000,-0.5379472449923621,-63211000
2022-06-30,681105000,-84418000,2022-08-08,-0.45,-0.41,186761000,11577000,56895000,-0.45201085879814307,-45318000
2022-09-30,653215000,-28359000,2022-11-07,-0.15,-0.13,186790000,63521000,53721000,-0.15182290272498528,9800000
2022-12-31,695662000,-25637000,2023-02-21,-0.13,-0.41,202245000,-48562000,46352000,-0.12676209547825656,-94914000
2023-03-31,718309000,-44549000,2023-05-08,-0.2,-0.29,224578000,24042000,49700000,-0.19836760501919154,-25658000
2023-06-30,746670000,-4510000,2023-08-07,-0.02,-0.24,225404000,63824000,60125000,-0.020008518038721584,3699000
2023-09-30,719689000,-48796000,2023-11-06,-0.22,-0.21,225416000,45763000,64875000,-0.21647088050537672,-19112000
2023-12-31,719063000,-91156000,2024-02-20,-0.4,-0.21,225427000,29294000,58505000,-0.40437037267053194,-29211000
2024-03-31,746859000,-29566000,2024-05-07,-0.13,-0.17,225890000,-1146000,44399000,-0.13088671477267697,-45545000
2024-06-30,742325000,-37727000,2024-08-08,-0.17,-0.15,226789000,55670000,51574000,-0.16635286543879993,4096000
2024-09-30,746405000,-50720000,2024-11-06,-0.22,-0.17,228124000,66455000,54965000,-0.22233522119549018,11490000
2024-12-31,746982000,-83922000,2025-02-18,-0.2698,-0.241,229272000,45198000,50312000,-0.3660368470637496,-5114000
2025-03-31,780074000,-64979000,2025-05-06,-0.28,-0.14,230678000,23402000,41817000,-0.2816870269379828,-18415000
2025-06-30,812944000,-43024000,2025-08-06,-0.16,-0.14,232719000,83564000,54475000,-0.18487532173995247,29089000
2025-09-30,777838000,-114726000,2025-11-05,-0.1976,-0.18,234326000,76525000,41589000,-0.48959995903143483,34936000
