fiscalDateEnding,totalRevenue,netIncome,reportedDate,reportedEPS,estimatedEPS,commonStockSharesOutstanding,operatingCashflow,capitalExpenditures,eps_computed_simple,freeCashFlow
2005-09-30,258797000,171570000,2005-11-02,0.47,0.37,46485000,12443000,1831000,3.690868021942562,10612000
2005-12-31,203913000,3790000,2006-02-16,0.28,0.27,46436000,13537000,2996000,0.08161771039710569,10541000
2006-03-31,241914000,-99000,2006-05-03,0.19,0.19,39380000,20347000,2075000,-0.0025139664804469273,18272000
2006-06-30,307651000,12517000,2006-08-07,0.55,0.51,46993000,25102000,4213000,0.2663588193986338,20889000
2006-09-30,313467000,48817000,2006-11-08,0.72,0.67,46385000,34835000,3340000,1.0524307426969925,31495000
2006-12-31,260071000,13232000,2007-02-12,0.58,0.4,44722000,31797000,3223000,0.29587227762622426,28574000
2007-03-31,301389000,-14716000,2007-05-08,0.43,0.33,37191000,18753000,2217000,-0.3956871286063833,16536000
2007-06-30,355880000,34572000,2007-08-07,1.11,0.89,43667000,8895000,3290000,0.7917191471820826,5605000
2007-09-30,417287000,104365000,2007-11-08,1.58,1.28,45924000,61686000,5504000,2.2725590105391515,56182000
2007-12-31,334853000,32862000,2008-02-14,0.96,0.84,45504000,66681000,4938000,0.7221782700421941,61743000
2008-03-31,403180000,13776000,2008-05-08,0.76,0.57,49134000,43382000,19532000,0.2803761142996703,23850000
2008-06-30,513976000,49838000,2008-08-05,1.55,1.41,49948000,89902000,12505000,0.9977977096180027,77397000
2008-09-30,561609000,84486000,2008-11-06,2.39,2.1,48656000,101916000,5858000,1.736394278197961,96058000
2008-12-31,406042000,33255000,2009-02-18,1.29,1.05,48671000,80353000,5437000,0.6832610794929218,74916000
2009-03-31,462058000,25023000,2009-05-11,1.09,0.91,47013000,74164000,3091000,0.5322570352881117,71073000
2009-06-30,603741000,67011000,2009-08-10,2.02,1.77,48479000,94057000,5023000,1.3822686111512201,89034000
2009-09-30,730660000,318982000,2009-11-09,3.45,2.92,49670000,195179000,1788000,6.422025367425005,193391000
2009-12-31,541753000,78455000,2010-02-17,1.99,1.68,49522000,146265000,5204000,1.5842453858890997,141061000
2010-03-31,584394000,53875000,2010-05-10,1.7,1.66,50862000,104697000,4831000,1.0592387243914907,99866000
2010-06-30,767439000,114957000,2010-08-03,3.09,2.65,50847000,187319000,5402000,2.260841347572128,181917000
2010-09-30,1001757000,222980000,2010-11-08,5.33,4.97,50559000,305364000,4238000,4.410292925097411,301126000
2010-12-31,731314000,135729000,2011-02-23,3.4,3.09,50988000,179917000,8122000,2.661979289244528,171795000
2011-03-31,809320000,104790000,2011-05-05,2.66,2.46,51159000,276219000,8279000,2.0483199437049198,267940000
2011-06-30,1102716000,256368000,2011-08-04,5.49,4.91,51105000,223283000,9798000,5.016495450542999,213485000
2011-09-30,1452804000,469499000,2011-11-07,9.95,9.3,51184000,560469000,11693000,9.172768834010629,548776000
2011-12-31,990771000,225716000,2012-02-27,5.37,5.05,51211000,281841000,17063000,4.407568686415028,264778000
2012-03-31,1037247000,181970000,2012-05-09,4.28,3.95,51347000,182380000,13697000,3.543926616939646,168683000
2012-06-30,1326759000,352347000,2012-08-07,7.85,7.36,51226000,431606000,14726000,6.878284464920157,416880000
2012-09-30,1706310000,596586000,2012-11-01,12.4,11.81,51185000,674945000,10527000,11.655485005372668,664418000
2012-12-31,1190640000,288663000,2013-02-26,6.77,6.54,51241000,496819000,16208000,5.633438067172772,480611000
2013-03-31,1302012000,244271000,2013-05-09,5.76,5.27,51353000,183117000,15051000,4.756703600568613,168066000
2013-06-30,1680238000,437326000,2013-08-08,9.7,9.36,52111000,593382000,21430000,8.392201262689259,571952000
2013-09-30,2269903000,832989000,2013-11-07,17.3,16.15,52984000,970464000,20477000,15.721519704061604,949987000
2013-12-31,1541153000,378077000,2014-02-20,8.85,8.29,52938000,554473000,27487000,7.14188295742189,526986000
2014-03-31,1641802000,331218000,2014-05-08,7.81,6.92,53018000,177004000,29731000,6.247274510543589,147273000
2014-06-30,2123575000,576451000,2014-08-11,12.51,12.04,52955000,689981000,32255000,10.88567651779813,657726000
2014-09-30,2836497000,1062253000,2014-11-04,22.16,21.11,53024000,1292132000,28739000,20.033437688593843,1263393000
2014-12-31,1840097000,451831000,2015-02-19,10.85,10.1,53023000,755280000,40779000,8.521415234898063,714501000
2015-03-31,1840694000,333327000,2015-05-07,8.12,7.72,52406000,208983000,31263000,6.360473991527687,177720000
2015-06-30,2280397000,517032000,2015-08-05,12.45,11.98,52038000,702376000,53088000,9.935662400553442,649288000
2015-09-30,3102901000,1196732000,2015-11-09,25.35,24.23,51130000,1309800000,42286000,23.405671816937218,1267514000
2015-12-31,1999995000,504269000,2016-02-17,12.63,11.8,50403000,881072000,47278000,10.00474178124318,833794000
2016-03-31,2148119000,374424000,2016-05-04,10.54,9.65,50129000,344327000,53256000,7.469209439645714,291071000
2016-06-30,2555902000,580638000,2016-08-04,13.93,12.69,50059000,966007000,60443000,11.599073093749375,905564000
2016-09-30,3690552000,506017000,2016-11-07,31.18,29.91,49975000,1507854000,102871000,10.125402701350675,1404983000
2016-12-31,2348433000,673908000,2017-02-27,14.21,13.01,50020000,1106509000,51813000,13.472770891643343,1054696000
2017-03-31,2419404000,455623000,2017-05-09,9.88,8.89,50025000,380618000,70559000,9.107906046976511,310059000
2017-06-30,3024556000,720209000,2017-08-08,15.14,14.2,50056000,1221216000,76710000,14.388065366789196,1144506000
2017-09-30,4434029000,1720391000,2017-11-06,35.22,34.25,49972000,1886591000,76423000,34.4270991755383,1810168000
2017-12-31,2803093000,-555458000,2018-02-27,16.86,14.12,48679000,1173611000,64113000,-11.410628813245959,1109498000
2018-03-31,2928000000,607000000,2018-05-09,12.0,10.7,49205000,640375000,131987000,12.336144700741794,508388000
2018-06-30,3537000000,978000000,2018-08-09,20.67,17.34,48550000,1649844000,103048000,20.144181256436664,1546796000
2018-09-30,4849000000,1767000000,2018-11-05,37.78,38.21,47751000,1963969000,120976000,37.00446063956776,1842993000
2018-12-31,3212615000,645840000,2019-02-27,22.49,19.42,46589000,1083812000,85989000,13.862499731696323,997823000
2019-03-31,2837000000,765000000,2019-05-09,11.17,11.27,45436000,150000000,111000000,16.836869442732635,39000000
2019-06-30,3850000000,979000000,2019-08-07,23.59,22.71,43601000,1787000000,88000000,22.453613449232815,1699000000
2019-09-30,5040000000,1950000000,2019-11-07,45.36,44.57,42831000,1851000000,82000000,45.52777194088394,1769000000
2019-12-31,3339000000,1171000000,2020-02-26,23.3,22.04,42210000,1077000000,87000000,27.742241175076995,990000000
2020-03-31,2288000000,-699000000,2020-05-07,3.77,5.64,41093000,-380000000,80000000,-17.01019638381233,-460000000
2020-06-30,630000000,122000000,2020-08-06,-10.81,-10.29,40995000,122000000,70000000,2.9759726795950727,52000000
2020-09-30,2640000000,801000000,2020-11-05,12.27,14.13,41081000,920000000,72000000,19.498064798812102,848000000
2020-12-31,1238000000,-165000000,2021-02-24,-0.57,-4.28,40944000,-577000000,64000000,-4.02989449003517,-641000000
2021-03-31,1141000000,-55000000,2021-05-05,-5.26,-5.87,40973000,-207000000,65000000,-1.3423473995069923,-272000000
2021-06-30,2160000000,-167000000,2021-08-04,-2.55,-2.04,41054000,1152000000,59000000,-4.067813124177912,1093000000
2021-09-30,4676000000,769000000,2021-11-03,37.7,32.9,41342000,1596000000,79000000,18.60093851289246,1517000000
2021-12-31,2981000000,618000000,2022-02-23,15.83,13.68,41371000,279000000,101000000,14.938000048343042,178000000
2022-03-31,2695000000,-700000000,2022-05-04,3.9,0.9,40921000,1695000000,109000000,-17.106131326213923,1586000000
2022-06-30,4294000000,857000000,2022-08-03,19.08,17.48,40665000,2684000000,86000000,21.07463420631993,2598000000
2022-09-30,6052000000,1666000000,2022-11-02,53.03,49.92,39671000,2000000,98000000,41.99541226588692,-96000000
2022-12-31,4049000000,1235000000,2023-02-23,24.74,22.23,38709000,2173000000,75000000,31.904724999354155,2098000000
2023-03-31,3778000000,266000000,2023-05-04,11.6,10.61,37983000,2889000000,88000000,7.003132980543928,2801000000
2023-06-30,5462000000,1290000000,2023-08-03,37.62,28.9,36964000,1737000000,92000000,34.89882047397468,1645000000
2023-09-30,7341000000,2511000000,2023-11-02,72.32,67.61,35987000,1372000000,71000000,69.77519659877179,1301000000
2023-12-31,4784000000,222000000,2024-02-22,32.0,29.86,35222000,1346000000,94000000,6.302878882516609,1252000000
2024-03-31,4415000000,776000000,2024-05-02,20.39,14.09,34706000,2704000000,130000000,22.359246239843255,2574000000
2024-06-30,5859000000,1521000000,2024-08-01,41.9,38.37,34267000,2525000000,146000000,44.38672775556658,2379000000
2024-09-30,7994000000,2517000000,2024-10-30,83.89,77.52,33864000,2373000000,77000000,74.32671863926294,2296000000
2024-12-31,5471000000,1068000000,2025-02-20,41.55,36.0537,33426000,721000000,76000000,31.951175731466524,645000000
2025-03-31,4762000000,333000000,2025-04-29,24.81,20.65,33093000,3283000000,121000000,10.062550992657057,3162000000
2025-06-30,6798000000,895000000,2025-07-29,55.4,49.95,32619000,3201000000,64000000,27.437996259848553,3137000000
2025-09-30,9008000000,2748000000,2025-10-28,99.5,95.44,32558000,1435000000,64000000,84.40321887093802,1371000000
