fiscalDateEnding,totalRevenue,netIncome,reportedDate,reportedEPS,estimatedEPS,commonStockSharesOutstanding,operatingCashflow,capitalExpenditures,eps_computed_simple,freeCashFlow
2005-09-30,160474,-156952,2005-09-30,-0.177,,886663,-114105,2,-0.1770142658484678,-114107
2005-12-31,200451,-170826,2005-12-31,-0.14,,886663,-132557,2488,-0.19266169897695065,-135045
2006-03-31,147045,-211014,2006-03-31,-0.238,,886663,-143408,3844,-0.23798669844123416,-147252
2006-06-30,156318,-489328,2006-06-30,-0.1128,,4337294,-264529,12972,-0.11281872983477717,-277501
2006-09-30,123953,-396929,2006-09-30,-0.0808,,4912400,-136807,7731,-0.08080144125071248,-144538
2006-12-31,175903,-36747,2006-12-31,-0.0097,,4929595,-167452,11008,-0.007454364912330526,-178460
2007-03-31,207488,-591530,2007-03-31,-0.12,,4929595,-527401,52661,-0.11999565887258487,-580062
2007-06-30,203517,-752729,2007-06-30,-0.1514,,4971924,-573067,8836,-0.15139591836077945,-581903
2007-09-30,240455,-761599,2007-09-30,-0.1532,,4971924,-926874,26149,-0.1531799359764952,-953023
2007-12-31,320802,-745917,2007-12-31,-0.14,,4971924,-681637,17900,-0.1500258250126108,-699537
2008-03-31,317634,-645527,2008-03-31,-0.1298,,4971924,-516995,5653,-0.1298344463833317,-522648
2008-06-30,277963,-662494,2008-06-30,-0.1332,,4974305,-547394,1073,-0.13318322861183624,-548467
2008-09-30,307870,-662825,2008-09-30,-0.1333,,4974305,-466946,35699,-0.13324977057096418,-502645
2008-12-31,419031,-804270,2008-12-31,-0.1617,,4974305,-582083,4263,-0.16168489869439048,-586346
2009-03-31,377112,-839568,2009-03-31,-0.1688,,4974305,-811807,258721,-0.16878096538109344,-1070528
2009-06-30,276528,-1012928,2009-06-30,-0.2036,,4974305,-730525,111268,-0.2036320651829753,-841793
2009-09-30,447360,-562621,2009-09-30,-0.1131,,4974305,-612828,2761,-0.1131054489019069,-615589
2009-12-31,480600,-355234,2009-12-31,-0.0714,,4977162,-258482,781,-0.07137280241229842,-259263
2010-03-31,512909,-531776,2010-03-31,-0.1068,,4977162,-377476,9383,-0.10684321707832696,-386859
2010-06-30,467771,-537144,2010-06-30,-0.1079,,4977162,-280064,4347,-0.10792174335494806,-284411
2010-09-30,524892,-436732,2010-09-30,-0.0877,,4977162,-314628,2955,-0.08774719408369669,-317583
2010-12-31,575994,-470638,2010-12-31,-0.0946,,4977162,-280358,11729,-0.09455951001795802,-292087
2011-03-31,610799,-630122,2011-03-31,-0.1266,,4977162,-304639,13475,-0.1266026703571232,-318114
2011-06-30,622848,-436679,2011-06-30,-0.0877,,4977162,-239156,29796,-0.08773654544497446,-268952
2011-09-30,715518,-478668,2011-09-30,-0.0962,,4977162,-253327,12701,-0.09617287924323138,-266028
2011-12-31,809564,-411170,2011-12-31,-0.0826,,4977162,-192795,37558,-0.08261133553619512,-230353
2012-03-31,835880,-296877,2012-03-31,-0.0596,,4977162,-74823,47217,-0.05964784750827881,-122040
2012-06-30,1097409,-498893,2012-06-30,-0.1002,,4977162,760830,976000,-0.1002364399631758,-215170
2012-09-30,1681480,-352228,2012-09-30,-0.0708,,4977162,121,148646,-0.07076884377080754,-148525
2012-12-31,2048220,-511588,2012-12-31,-0.1028,,4991001,168806,20143,-0.10250208324943233,148663
2013-03-31,2160012,-7176,2013-03-31,-0.0014,,4991001,-126476,33937,-0.0014377877303570967,-160413
2013-06-30,2330018,-282506,2013-06-30,-0.0565,,5004253,206468,191786,-0.05645318092430578,14682
2013-09-30,2170491,-309910,2013-09-30,-0.0619,,5009274,-12532,9386,-0.061867248627246185,-21918
2013-12-31,2288880,-484568,2013-12-31,-2.94,,5568802,78547,1561,-0.0870147654737949,76986
2014-03-31,2065030,-559371,2014-05-08,-0.1004,-0.04,5568802,-894126,18777,-0.10044727752935012,-912903
2014-06-30,1211900,-883356,2014-08-07,-0.07,-0.04,12010361,-873518,78922,-0.07354949613920847,-952440
2014-09-30,1243372,-862455,2014-11-06,-0.07,-0.05,12042739,-697896,149456,-0.07161618299624363,-847352
2014-12-31,1670396,-912568,2015-03-12,-0.08,-0.07,12077163,-696776,342525,-0.07556145429187301,-1039301
2015-03-31,1500722,-1031482,2015-05-07,-0.09,-0.09,12100588,-1307852,41128,-0.08524230392770996,-1348980
2015-06-30,1496759,-994379,2015-08-06,-0.08,-0.1,12144776,-1227109,528361,-0.08187709678630549,-1755470
2015-09-30,1631926,-1068688,2015-11-12,-0.09,-0.1,12157575,-1168630,429429,-0.08790305632496612,-1598059
2015-12-31,1819503,-1119387,2016-02-25,-0.09,-0.1,12304540,-1270270,418779,-0.09097349433623687,-1689049
2016-03-31,1852017,-1226828,2016-05-12,-0.1,-0.08,12457858,-1593483,579471,-0.09847824561814719,-2172954
2016-06-30,1989988,-1356083,2016-08-11,-0.11,-0.08,12568041,-1181671,214926,-0.10789931382305325,-1396597
2016-09-30,2135197,-969000,2016-11-10,-0.08,-0.08,12699419,-883717,193174,-0.07630270329689885,-1076891
2016-12-31,2250000,-3324000,2017-03-09,-0.26,-0.07,12798000,-668120,269637,-0.25972808251289264,-937757
2017-03-31,2366201,-870290,2017-05-11,-0.04,-0.05,12964639,-169348,37152,-0.06712797787890584,-206500
2017-06-30,2557765,-768212,2017-08-10,-0.06,-0.04,13100820,-102920,41033,-0.058638466905125024,-143953
2017-09-30,2963411,-318718,2017-11-09,-0.03,-0.06,13238248,74379,13258,-0.024075542322518812,61121
2017-12-31,3134000,-558000,2018-03-08,-0.05,-0.04,13744000,803011,52324,-0.04059953434225844,750687
2018-03-31,3814882,3482,2018-05-10,-0.01,-0.01,14098610,391589,40834,0.0002469747017613793,350755
2018-06-30,5177854,1139178,2018-08-09,0.05,0.04,20374358,561726,20645,0.05591233844030816,541081
2018-09-30,5293075,1230769,2018-11-08,0.05,0.04,23656633,809205,277589,0.05202638093087888,531616
2018-12-31,5456000,893000,2019-03-14,0.04,0.05,23725000,585480,160932,0.037639620653319286,424548
2019-03-31,5770000,427000,2019-05-09,0.03,0.04,18648397,1146000,156000,0.022897410431577576,990000
2019-06-30,6701000,838000,2019-08-08,0.04,0.02,24539299,-67000,111000,0.0341493047539785,-178000
2019-09-30,6604000,9316000,2019-11-12,-0.03,0.02,25343112,1137000,89000,0.3675949504543878,1048000
2019-12-31,8296000,-12238000,2020-03-11,0.02,-0.02,22893473,-1003000,319000,-0.5345628424311156,-1322000
2020-03-31,12162000,22308000,2020-05-14,-0.01,-0.02,21010817,687000,146000,1.0617388176766283,541000
2020-06-30,9920000,-16380000,2020-08-06,-0.7,-0.04,23292635,4203000,105000,-0.703226577843168,4098000
2020-09-30,11279000,-1133000,2020-11-05,-0.08,-0.02,31639420,-1002000,119000,-0.03580975883881563,-1121000
2020-12-31,14726000,-2129000,2021-03-22,-0.06,-0.02,32960437,2627000,4263000,-0.06459259020139811,-1636000
2021-03-31,16847000,-1118000,2021-05-13,-0.03,-0.04,33236818,1820000,2392000,-0.033637395733851536,-572000
2021-06-30,31204000,7876000,2021-08-12,-0.12,-0.07,40390098,-7722000,2015000,0.1949982889370558,-9737000
2021-09-30,33800000,79000,2021-11-11,0.0018,-0.09,43296470,2083000,2412000,0.0018246291210345785,-329000
2021-12-31,37304000,-15220000,2022-02-28,-0.37,-0.17,41675256,-1017000,1566000,-0.36520471523918174,-2583000
2022-03-31,36220000,-7066000,2022-05-09,-0.17,-0.25,42014055,-7924000,1456000,-0.16818181439520655,-9380000
2022-06-30,40533000,-72554000,2022-08-09,-0.06,-0.21,42460189,-9917000,2035000,-1.7087535809131702,-11952000
2022-09-30,40747000,-9957000,2022-11-09,-0.23,-0.17,42647967,1496000,2446000,-0.23346951098513088,-950000
2022-12-31,44259000,-49190000,2023-03-16,-1.15,-0.17,42791040,7856000,4448000,-1.1495397167257444,3408000
2023-03-31,37703000,-13714000,2023-05-10,-0.32,-0.21,43027612,-2712000,3295000,-0.31872556627125853,-6007000
2023-06-30,39508000,-10199000,2023-08-08,-0.23,-0.2,43441219,-7718000,609000,-0.234777021335428,-8327000
2023-09-30,23573000,-29132000,2023-11-09,-0.3,-0.37,43570438,-4379000,1496000,-0.6686184793460189,-5875000
2023-12-31,17390000,-13383000,2024-02-29,-0.3,-0.34,44822592,2311000,981000,-0.29857711040004115,1330000
2024-03-31,18433000,-10221000,2024-05-09,-0.23,-0.28,45432426,-4475000,356000,-0.224971477420114,-4831000
2024-06-30,19715000,-20719000,2024-08-08,-0.5,-0.14,46004037,6459000,995000,-0.4503735183066651,5464000
2024-09-30,30571000,-1703000,2024-11-12,-0.0175,-0.09,46175345,4802000,1114000,-0.03688115378455754,3688000
2024-12-31,-3424000,12459000,2025-02-26,-0.016,-0.0567,48032700,1645000,1062000,0.25938579342822704,583000
2025-03-31,23941000,-448000,2025-05-07,0.0355,-0.035,47134720,1727000,175000,-0.009504670866825982,1552000
2025-06-30,25421000,-15838000,2025-08-07,-0.33,-0.03,47798146,7368000,1743000,-0.3313517641458311,5625000
2025-09-30,28067000,621000,2025-11-06,0.042,-0.0113,48723535,6104000,3302000,0.012745380646129227,2802000
