fiscalDateEnding,totalRevenue,netIncome,reportedDate,reportedEPS,estimatedEPS,commonStockSharesOutstanding,operatingCashflow,capitalExpenditures,eps_computed_simple,freeCashFlow
2005-09-30,43144000,7720000,2005-10-31,0.17,0.16,45017221,19756000,1333000,0.171489928265452,18423000
2005-12-31,42941000,6187000,2006-02-16,0.16,0.15,44600235,12762000,1937000,0.13872124216385856,10825000
2006-03-31,43732000,5560000,2006-05-08,0.16,0.15,44600235,3260000,264000,0.12466302027332367,2996000
2006-06-30,48777000,7730000,2006-08-07,0.2,0.19,44650455,16375000,1170000,0.1731225359293651,15205000
2006-09-30,49890000,8436000,2006-10-30,0.22,0.2,44679274,25725000,860000,0.18881237864339515,24865000
2006-12-31,49560000,8605000,2007-02-05,0.2,0.2,44833093,17595000,8506000,0.1919341143828734,9089000
2007-03-31,55145000,5756000,2007-05-03,0.16,0.16,44833093,7547000,1050000,0.12838730533269252,6497000
2007-06-30,64045000,8203000,2007-08-06,0.22,0.21,44338741,11843000,2078000,0.18500750844504132,9765000
2007-09-30,67835000,8808000,2007-11-01,0.23,0.23,44526524,30452000,1603000,0.19781467783112824,28849000
2007-12-31,70013000,8957000,2008-02-07,0.23,0.22,44662620,13025000,3392000,0.20054801979821157,9633000
2008-03-31,69436000,7043000,2008-05-07,0.2,0.2,44662620,14378000,2123000,0.15769339102811256,12255000
2008-06-30,72502000,8987000,2008-08-04,0.25,0.24,43457710,7090000,834000,0.2067987475640111,6256000
2008-09-30,80098000,7316000,2008-11-03,0.26,0.25,43409941,26528000,2620000,0.16853282523466226,23908000
2008-12-31,80459000,6532000,2009-02-05,0.24,0.22,43043777,12314000,52031000,0.15175248212999523,-39717000
2009-03-31,74741000,4072000,2009-04-30,0.19,0.16,43043777,12425000,1114000,0.09460136363033383,11311000
2009-06-30,76415000,6588000,2009-07-30,0.23,0.21,43333871,22103000,1551000,0.1520288829031683,20552000
2009-09-30,79205000,9828000,2009-10-28,0.26,0.22,43826550,25827000,1200000,0.22424763071699688,24627000
2009-12-31,78977000,7959000,2010-02-04,0.27,0.24,44226074,26442000,1669000,0.17996171217910956,24773000
2010-03-31,76239000,5952000,2010-04-27,0.2,0.2,44226074,7328000,5199000,0.13458124273025004,2129000
2010-06-30,80671000,6790000,2010-07-27,0.22,0.22,44027307,17358000,1692000,0.15422246925073113,15666000
2010-09-30,83226000,8519000,2010-11-02,0.25,0.25,43472822,24177000,3836000,0.19596151360958347,20341000
2010-12-31,86958000,8544000,2011-02-07,0.27,0.27,43916657,7045000,163000,0.194550327453203,6882000
2011-03-31,87274000,7293000,2011-05-09,0.23,0.21,43916657,17512000,1073000,0.16606455268214063,16439000
2011-06-30,93402000,9362000,2011-08-04,0.27,0.25,44098046,20334000,6630000,0.21229965608907025,13704000
2011-09-30,95531000,10214000,2011-11-01,0.29,0.29,44147911,29873000,5294000,0.23135862532657547,24579000
2011-12-31,94661000,6947000,2012-02-22,0.27,0.29,44613256,17808000,6230000,0.15571604995609375,11578000
2012-03-31,94706000,2759000,2012-05-03,0.17,0.2,44613256,3985000,6297000,0.06184260570445699,-2312000
2012-06-30,110190000,-2271000,2012-08-07,0.24,0.22,44112905,6964000,5506000,-0.05148153357843924,1458000
2012-09-30,122472000,2825000,2012-11-01,0.26,0.24,44718101,28720000,4196000,0.06317352340163103,24524000
2012-12-31,120051000,3270000,2013-02-13,0.27,0.24,44757841,29022000,5803000,0.07305982431100731,23219000
2013-03-31,115623000,2666000,2013-05-01,0.26,0.2,45009213,12940000,7056000,0.05923231761461815,5884000
2013-06-30,125468000,6623000,2013-07-31,0.33,0.28,45349666,24532000,4655000,0.14604297195926427,19877000
2013-09-30,127854000,9393000,2013-10-30,0.37,0.35,45569275,40498000,4067000,0.20612572835534468,36431000
2013-12-31,134872000,11790000,2014-02-12,0.32,0.32,45583255,29274000,7505000,0.2586476108386731,21769000
2014-03-31,127622000,3814000,2014-04-30,0.24,0.2,45552451,13264000,7271000,0.08372765715724056,5993000
2014-06-30,139388000,9280000,2014-07-30,0.35,0.28,45660910,31840000,1983000,0.2032372985996118,29857000
2014-09-30,144598000,10380000,2014-10-29,0.35,0.31,45883570,40388000,5350000,0.2262247684737696,35038000
2014-12-31,152813000,4816000,2015-02-10,0.34,0.35,46055420,16785000,7842000,0.10456966845596023,8943000
2015-03-31,146993000,4285000,2015-04-29,0.32,0.32,46168096,4231000,5650000,0.0928130109589098,-1419000
2015-06-30,156259000,7042000,2015-07-29,0.41,0.38,46402707,43333000,8346000,0.15175838771647523,34987000
2015-09-30,158811000,7911000,2015-10-28,0.38,0.39,46596714,37727000,11432000,0.1697759202505138,26295000
2015-12-31,175877000,6411000,2016-02-09,0.38,0.39,46714204,29049000,8686000,0.13723877217302044,20363000
2016-03-31,169256000,6237000,2016-04-27,0.42,0.42,46757458,104000,13635000,0.13339048500027526,-13531000
2016-06-30,180191000,9060000,2016-08-01,0.46,0.5,46927626,37883000,11102000,0.193063250205753,26781000
2016-09-30,183063000,8934000,2016-11-01,0.45,0.51,47394106,62157000,9800000,0.1885044524312791,52357000
2016-12-31,198305000,17284000,2017-02-08,0.59,0.56,47436116,53484000,9516000,0.36436372657491606,43968000
2017-03-31,183621000,13142000,2017-05-01,0.46,0.47,47482840,12764000,9302000,0.2767736723414185,3462000
2017-06-30,192195000,11029000,2017-07-31,0.54,0.51,47691340,41787000,9978000,0.2312579181042093,31809000
2017-09-30,195513000,12824000,2017-10-25,0.56,0.51,47846997,68834000,9742000,0.2680210003566159,59092000
2017-12-31,216977000,30709000,2018-02-06,0.61,0.6,48014250,52905000,9531000,0.6395809577365054,43374000
2018-03-31,204184000,17751000,2018-04-30,0.66,0.59,48009395,11753000,12874000,0.369740131072262,-1121000
2018-06-30,213672000,6592000,2018-07-30,0.69,0.67,48053094,54641000,13060000,0.13718159334339636,41581000
2018-09-30,209532000,11164000,2018-10-29,0.59,0.55,48160146,71437000,13605000,0.23180992848319024,57832000
2018-12-31,221218000,9334000,2019-02-06,0.65,0.55,48025617,63554000,12809000,0.19435460870809843,50745000
2019-03-31,215830000,-1122000,2019-04-30,0.51,0.51,47516912,-10011000,12471000,-0.023612645535551636,-22482000
2019-06-30,225634000,7140000,2019-07-30,0.66,0.56,48160684,55100000,17110000,0.1482537083567999,37990000
2019-09-30,221120000,4566000,2019-10-28,0.56,0.5,48464529,77035000,14529000,0.09421323376525541,62506000
2019-12-31,237839000,1324000,2020-02-10,0.51,0.5,48572575,60353000,1895000,0.02725818015618896,58458000
2020-03-31,223621000,4639000,2020-05-05,0.51,0.46,48455751,-24503000,2867000,0.09573683008235699,-27370000
2020-06-30,231991000,11823000,2020-07-29,0.85,0.5,48418378,61991000,3020000,0.2441841401626465,58971000
2020-09-30,215001000,4876000,2020-10-28,0.73,0.7,48859707,71677000,19949000,0.09979593205501622,51728000
2020-12-31,242606000,-13621000,2021-02-08,0.85,0.71,48190388,38790000,3854000,-0.28264972674633787,34936000
2021-03-31,219191000,-164000,2021-04-28,0.68,0.62,47363197,30103000,12772000,-0.0034626040974387773,17331000
2021-06-30,229440000,6731000,2021-08-03,0.82,0.72,48444874,69819000,13218000,0.13894142856063574,56601000
2021-09-30,231218000,6188000,2021-11-03,0.78,0.62,48274072,69866000,12003000,0.1281847530906446,57863000
2021-12-31,247891000,-7057000,2022-02-22,0.75,0.68,46989624,43873000,14160000,-0.1501820912633819,29713000
2022-03-31,257124000,-10407000,2022-05-03,0.57,0.66,51199717,24504000,4266000,-0.20326284225360075,20238000
2022-06-30,264927000,-3422000,2022-08-02,0.75,0.67,51660739,57275000,3252000,-0.06623985769928688,54023000
2022-09-30,261297000,-10319000,2022-11-01,0.69,0.6,51692152,108027000,2994000,-0.1996241131535789,105033000
2022-12-31,274757000,-21259000,2023-02-13,0.68,0.6,51716948,14087000,1777000,-0.411064473487492,12310000
2023-03-31,261753000,-14701000,2023-05-03,0.72,0.7,52132999,21806000,15331000,-0.28199029946464427,6475000
2023-06-30,271042000,2105000,2023-08-01,0.98,0.93,53643124,53196000,1415000,0.03924081677271443,51781000
2023-09-30,277626000,9017000,2023-10-31,1.12,0.97,54089897,127981000,1464000,0.1667039595213132,126517000
2023-12-31,295011000,5399000,2024-02-12,1.14,1.05,54439689,-3349000,442000,0.09917396846260455,-3791000
2024-03-31,279250000,5246000,2024-04-30,0.93,0.89,53414495,64619000,13331000,0.09821304123534258,51288000
2024-06-30,287286000,21804000,2024-07-30,1.08,1.04,51677418,53816000,5857000,0.42192510469466565,47959000
2024-09-30,286727000,18290000,2024-10-30,0.99,1.07,51633000,103951000,15607000,0.35423082137392753,88344000
2024-12-31,302232000,-330764000,2025-02-10,1.08,1.066,49051000,73582000,208000,-6.743267211677642,73374000
2025-03-31,270661000,4867000,2025-04-28,0.96,0.916,49445079,1388000,688000,0.09843244461192993,700000
2025-06-30,281382000,25980000,2025-07-28,1.21,1.06,48248057,66941000,15440000,0.5384672796253743,51501000
2025-09-30,281143000,47492000,2025-10-29,1.1,1.07,48498285,139211000,3494000,0.9792511219726636,135717000
