fiscalDateEnding,totalRevenue,netIncome,reportedDate,reportedEPS,estimatedEPS,commonStockSharesOutstanding,operatingCashflow,capitalExpenditures,eps_computed_simple,freeCashFlow
2005-09-30,4767000000,964000000,2005-10-28,0.31,0.33,1984000000,760000000,186000000,0.48588709677419356,574000000
2005-12-31,5019000000,499000000,2006-01-25,0.31,0.28,1983000000,325000000,201000000,0.25163893091275846,124000000
2006-03-31,4676000000,714000000,2006-04-27,0.32,0.32,1988000000,83000000,202000000,0.3591549295774648,-119000000
2006-06-30,4871000000,667000000,2006-07-27,0.35,0.32,1994000000,845000000,165000000,0.33450351053159477,680000000
2006-09-30,4154000000,338000000,2006-10-26,0.22,0.2,1992000000,944000000,200000000,0.16967871485943775,744000000
2006-12-31,4213000000,-134000000,2007-01-25,0.19,0.16,1963000000,211000000,226000000,-0.06826286296484972,-15000000
2007-03-31,4476000000,690000000,2007-04-26,0.38,0.23,1997000000,765000000,202000000,0.3455182774161242,563000000
2007-06-30,4928000000,706000000,2007-07-26,0.37,0.36,2006000000,1061000000,206000000,0.35194416749750745,855000000
2007-09-30,5050000000,858000000,2007-10-25,0.38,0.37,2012000000,697000000,185000000,0.426441351888668,512000000
2007-12-31,4894000000,-89000000,2008-01-31,0.35,0.34,1976000000,630000000,250000000,-0.045040485829959516,380000000
2008-03-31,5181000000,661000000,2008-04-24,0.42,0.41,2008000000,775000000,250000000,0.3291832669322709,525000000
2008-06-30,5203000000,764000000,2008-07-24,0.43,0.4,2006000000,1114000000,210000000,0.38085742771684944,904000000
2008-09-30,5254000000,2578000000,2008-10-23,0.46,0.42,2004000000,1452000000,196000000,1.2864271457085827,1256000000
2008-12-31,5249000000,1244000000,2009-01-27,0.46,0.41,1980000000,366000000,285000000,0.6282828282828283,81000000
2009-03-31,5015000000,638000000,2009-04-28,0.48,0.47,1978000000,452000000,201000000,0.3225480283114257,251000000
2009-06-30,5384000000,983000000,2009-07-23,0.56,0.47,1983000000,796000000,164000000,0.4957135653050933,632000000
2009-09-30,5487000000,966000000,2009-10-22,0.52,0.51,1984000000,1473000000,169000000,0.48689516129032256,1304000000
2009-12-31,2922000000,8025000000,2010-01-28,0.47,0.41,1959000000,1344000000,196000000,4.096477794793262,1148000000
2010-03-31,4807000000,743000000,2010-04-29,0.56,0.51,1725000000,464000000,129000000,0.43072463768115943,335000000
2010-06-30,4768000000,927000000,2010-07-22,0.54,0.53,1728000000,1049000000,81000000,0.5364583333333334,968000000
2010-09-30,4798000000,949000000,2010-10-26,0.59,0.53,1726000000,1383000000,89000000,0.5498261877172653,1294000000
2010-12-31,5111000000,483000000,2011-01-27,0.47,0.48,1730000000,1595000000,125000000,0.2791907514450867,1470000000
2011-03-31,5011000000,986000000,2011-04-28,0.58,0.53,1714000000,481000000,75000000,0.5752625437572929,406000000
2011-06-30,5434000000,902000000,2011-07-28,0.56,0.55,1722000000,1093000000,74000000,0.5238095238095238,1019000000
2011-09-30,5345000000,969000000,2011-10-27,0.61,0.58,1715000000,1698000000,84000000,0.5650145772594752,1614000000
2011-12-31,5454000000,852000000,2012-01-26,0.53,0.55,1717000000,1568000000,134000000,0.49621432731508447,1434000000
2012-03-31,5251000000,1101000000,2012-04-26,0.64,0.63,1706000000,387000000,123000000,0.645369284876905,264000000
2012-06-30,4443000000,645000000,2012-07-25,0.48,0.48,1701000000,1134000000,113000000,0.37918871252204583,1021000000
2012-09-30,3736000000,-711000000,2012-10-24,0.41,0.42,1666000000,4584000000,137000000,-0.4267707082833133,4447000000
2012-12-31,4191000000,925000000,2013-01-24,0.47,0.43,1662000000,836000000,175000000,0.5565583634175691,661000000
2013-03-31,3831000000,609000000,2013-04-25,0.41,0.41,1655000000,-428000000,115000000,0.36797583081570995,-543000000
2013-06-30,4048000000,536000000,2013-07-25,0.44,0.44,1660000000,1510000000,98000000,0.3228915662650602,1412000000
2013-09-30,4065000000,692000000,2013-10-23,0.46,0.44,1662000000,1053000000,124000000,0.41636582430806257,929000000
2013-12-31,4441000000,726000000,2014-01-24,0.51,0.43,1666000000,1410000000,200000000,0.43577430972388953,1210000000
2014-03-31,3811000000,937000000,2014-04-29,0.46,0.43,1666000000,617000000,118000000,0.5624249699879952,499000000
2014-06-30,3889000000,333000000,2014-07-24,0.48,0.44,1669000000,1056000000,110000000,0.19952067106051527,946000000
2014-09-30,3921000000,721000000,2014-10-24,0.45,0.42,1670000000,903000000,107000000,0.43173652694610776,796000000
2014-12-31,4258000000,13000000,2015-01-27,0.46,0.41,1673000000,572000000,191000000,0.007770472205618649,381000000
2015-03-31,4041000000,1186000000,2015-04-28,0.71,0.51,1676000000,626000000,136000000,0.7076372315035799,490000000
2015-06-30,4163000000,-130000000,2015-07-23,0.53,0.36,1667000000,71000000,165000000,-0.07798440311937613,-94000000
2015-09-30,4069000000,706000000,2015-10-27,0.39,0.35,1678000000,524000000,234000000,0.42073897497020263,290000000
2015-12-31,4287000000,-197000000,2016-01-28,0.38,0.28,1669000000,611000000,285000000,-0.11803475134811264,326000000
2016-03-31,4391000000,1195000000,2016-04-28,0.74,0.65,1680000000,-228000000,242000000,0.7113095238095238,-470000000
2016-06-30,4871000000,1166000000,2016-07-28,0.69,0.67,1679000000,439000000,261000000,0.6944609886837403,178000000
2016-09-30,4922000000,1202000000,2016-10-27,0.77,0.65,1679000000,1404000000,341000000,0.7159023228111971,1063000000
2016-12-31,5243000000,894000000,2017-01-26,0.63,0.67,1680000000,1428000000,371000000,0.5321428571428571,1057000000
2017-03-31,4929000000,1574000000,2017-04-27,0.84,0.74,1671000000,861000000,291000000,0.9419509275882705,570000000
2017-06-30,5144000000,916000000,2017-07-27,0.74,0.74,1650000000,1584000000,248000000,0.5551515151515152,1336000000
2017-09-30,5254000000,845000000,2017-10-26,0.75,0.77,1645000000,1713000000,262000000,0.513677811550152,1451000000
2017-12-31,5449000000,-2328000000,2018-02-05,0.68,0.67,1643000000,1117000000,254000000,-1.4169202678027997,863000000
2018-03-31,5193000000,1486000000,2018-04-26,0.94,0.85,1640000000,1175000000,239000000,0.9060975609756098,936000000
2018-06-30,5704000000,373000000,2018-07-26,1.01,0.87,1636000000,1057000000,198000000,0.2279951100244499,859000000
2018-09-30,5691000000,1901000000,2018-10-25,1.09,0.91,1636000000,1279000000,224000000,1.1619804400977995,1055000000
2018-12-31,5973000000,1160000000,2019-01-24,0.94,0.85,1637000000,2429000000,290000000,0.708613317043372,2139000000
2019-03-31,5920000000,1710000000,2019-04-25,1.1,1.09,1637000000,1390000000,204000000,1.0445937690897984,1186000000
2019-06-30,6273000000,1432000000,2019-07-25,1.18,1.07,1637000000,2083000000,191000000,0.8747709224190593,1892000000
2019-09-30,6007000000,1353000000,2019-10-31,1.17,1.07,1634000000,2556000000,190000000,0.8280293757649939,2366000000
2019-12-31,7945000000,-1056000000,2020-02-06,1.22,0.88,1918000000,2038000000,251000000,-0.5505735140771637,1787000000
2020-03-31,10781000000,-775000000,2020-05-07,1.72,1.49,2258000000,3937000000,186000000,-0.3432240921169176,3751000000
2020-06-30,10129000000,-85000000,2020-08-06,1.63,1.48,2263000000,4493000000,131000000,-0.037560760053026956,4362000000
2020-09-30,10540000000,1872000000,2020-11-05,1.63,1.49,2290000000,2267000000,153000000,0.8174672489082969,2114000000
2020-12-31,11068000000,-10027000000,2021-02-04,1.46,1.42,2252000000,3670000000,283000000,-4.452486678507993,3387000000
2021-03-31,11073000000,2021000000,2021-04-29,1.74,1.82,2265000000,3824000000,173000000,0.8922737306843267,3651000000
2021-06-30,11703000000,1055000000,2021-07-28,1.93,1.89,2252000000,3060000000,210000000,0.46847246891651867,2850000000
2021-09-30,11624000000,1546000000,2021-10-27,2.0,1.92,2243000000,5266000000,270000000,0.6892554614355774,4996000000
2021-12-31,11985000000,2372000000,2022-02-04,1.83,1.8,2219000000,4057000000,320000000,1.0689499774673277,3737000000
2022-03-31,11648000000,1278000000,2022-04-29,2.06,1.91,2164000000,3812000000,253000000,0.5905730129390019,3559000000
2022-06-30,11887000000,1421000000,2022-07-27,1.93,1.79,2149000000,2261000000,272000000,0.6612377850162866,1989000000
2022-09-30,11218000000,1606000000,2022-10-25,1.99,1.83,2148000000,3687000000,247000000,0.7476722532588455,3440000000
2022-12-31,11406000000,2022000000,2023-02-02,1.82,1.72,2124000000,3306000000,346000000,0.9519774011299436,2960000000
2023-03-31,11337000000,2262000000,2023-04-27,2.05,1.97,2113000000,2970000000,278000000,1.0705158542356839,2692000000
2023-06-30,11226000000,2073000000,2023-07-27,1.75,1.98,2102000000,1887000000,259000000,0.9862036156041865,1628000000
2023-09-30,10966000000,1928000000,2023-10-26,2.0,1.76,2064000000,4751000000,342000000,0.9341085271317829,4409000000
2023-12-31,11477000000,1762000000,2024-02-02,1.59,1.43,2033000000,4252000000,330000000,0.8666994589276931,3922000000
2024-03-31,11865000000,-11911000000,2024-04-25,-4.4,-4.14,2023000000,2834000000,284000000,-5.8877904102817595,2550000000
2024-06-30,12201000000,1680000000,2024-07-26,2.07,1.63,2029000000,2326000000,262000000,0.8279940857565303,2064000000
2024-09-30,11892000000,1211000000,2024-10-31,1.8,1.5,2031000000,5591000000,324000000,0.5962580009847366,5267000000
2024-12-31,12342000000,72000000,2025-02-06,1.67,1.47,2037000000,4439000000,378000000,0.035346097201767304,4061000000
2025-03-31,11201000000,2456000000,2025-04-24,1.8,1.5,2037000000,1954000000,260000000,1.205694648993618,1694000000
2025-06-30,12269000000,1310000000,2025-07-31,1.46,1.1,2038000000,3917000000,361000000,0.6427870461236507,3556000000
2025-09-30,12222000000,2201000000,2025-10-30,1.63,1.69,2037963000,6311000000,320000000,1.0799999803725582,5991000000
