fiscalDateEnding,totalRevenue,netIncome,reportedDate,reportedEPS,estimatedEPS,commonStockSharesOutstanding,operatingCashflow,capitalExpenditures,eps_computed_simple,freeCashFlow
2005-09-30,67991000000,6463000000,2005-10-19,1.52,1.72,591496999,6371000000,3069000000,10.926513593351299,3302000000
2005-12-31,57024000000,3685000000,2006-02-07,1.44,1.66,592678333,4239000000,3476000000,6.217537903481955,763000000
2006-03-31,63288000000,5623000000,2006-04-25,1.54,1.52,570051999,8791000000,3295000000,9.864012423189486,5496000000
2006-06-30,73170000000,7266000000,2006-07-25,1.82,1.76,566571666,8968000000,3412000000,12.82450294646397,5556000000
2006-09-30,73002000000,6231000000,2006-10-24,2.1,1.51,555164999,5029000000,3945000000,11.223690274465591,1084000000
2006-12-31,66642000000,3195000000,2007-02-06,1.21,1.22,557908666,5384000000,4473000000,5.726743810787123,911000000
2007-03-31,61307000000,4664000000,2007-04-24,1.24,1.31,542073499,7904000000,3645000000,8.603999289033682,4259000000
2007-06-30,73083000000,7376000000,2007-07-24,2.29,1.64,536639333,6383000000,4334000000,13.744799433104543,2049000000
2007-09-30,71334000000,4406000000,2007-10-23,1.33,1.38,536885416,5874000000,4336000000,8.206592819798256,1538000000
2007-12-31,84438000000,4399000000,2008-02-05,1.27,1.43,533084083,4548000000,5515000000,8.25198151714464,-967000000
2008-03-31,87745000000,7094000000,2008-04-29,1.98,1.74,529036666,10928000000,4435000000,13.40927851681267,6493000000
2008-06-30,110903000000,9358000000,2008-07-29,2.72,2.69,528194666,6716000000,4713000000,17.716952862981014,2003000000
2008-09-30,103367000000,8049000000,2008-10-28,2.84,2.35,525336833,14786000000,7748000000,15.321598438158627,7038000000
2008-12-31,66034000000,-3343000000,2009-02-03,0.84,1.1,526153249,5665000000,5762000000,-6.353662181795251,-97000000
2009-03-31,48004000000,2562000000,2009-04-28,0.83,0.58,525569833,5572000000,4817000000,4.874709009411505,755000000
2009-06-30,56039000000,4385000000,2009-07-28,0.94,0.92,525831333,6757000000,5211000000,8.339175938760576,1546000000
2009-09-30,66420000000,5336000000,2009-10-27,1.5,1.04,526021666,8099000000,4975000000,10.144068856661885,3124000000
2009-12-31,74869000000,4295000000,2010-02-02,1.4,1.51,526033416,7288000000,5647000000,8.164880536790841,1641000000
2010-03-31,74379000000,6079000000,2010-04-29,1.79,1.6,527909499,7693000000,4289000000,11.515231325663265,3404000000
2010-06-30,74900000000,-17150000000,2010-07-28,1.66,1.44,528657499,6753000000,4273000000,-32.44066343982761,2480000000
2010-09-30,72031000000,1785000000,2010-11-02,1.77,1.51,528339833,-652000000,4741000000,3.378507332798434,-5393000000
2010-12-31,75797000000,5567000000,2011-02-01,1.39,1.6,528028333,-178000000,5118000000,10.542994858573243,-5296000000
2011-03-31,85329000000,7124000000,2011-04-27,1.75,1.82,528844166,2404000000,5774000000,13.470886998496264,-3370000000
2011-06-30,102139000000,5620000000,2011-07-26,1.69,1.96,531079166,7848000000,4185000000,10.582226454727843,3663000000
2011-09-30,96173000000,4907000000,2011-10-25,1.63,1.66,532972333,6892000000,4146000000,9.206856897016454,2746000000
2011-12-31,93441000000,7685000000,2012-02-07,2.41,1.59,533773499,5010000000,5805000000,14.397492596386844,-795000000
2012-03-31,94040000000,5915000000,2012-05-01,1.52,1.64,534469333,3367000000,5439000000,11.067052185761236,-2072000000
2012-06-30,93341000000,-1385000000,2012-07-31,1.16,1.38,535680166,4403000000,4951000000,-2.585498004045944,-548000000
2012-09-30,90591000000,5434000000,2012-10-30,1.63,1.29,531661999,6287000000,5742000000,10.220779386566614,545000000
2012-12-31,92894000000,1618000000,2013-02-05,1.25,1.11,532717833,6340000000,6946000000,3.037255184209311,-606000000
2013-03-31,94107000000,16863000000,2013-04-30,1.31,1.01,534657499,3967000000,5729000000,31.539817605737912,-1762000000
2013-06-30,94711000000,2042000000,2013-07-30,0.85,1.13,530796333,5387000000,6111000000,3.847049938078604,-724000000
2013-09-30,96601000000,3504000000,2013-10-29,1.18,1.0,526866333,6332000000,5882000000,6.650643209726593,450000000
2013-12-31,93717000000,1042000000,2014-02-04,0.9,0.89,522278499,5414000000,6798000000,1.995104148447819,-1384000000
2014-03-31,91710000000,3528000000,2014-04-29,1.05,1.01,516514333,8231000000,5891000000,6.830400967788826,2340000000
2014-06-30,60646000000,-5823000000,2014-07-29,1.18,1.12,508329999,7877000000,5499000000,-11.455157105532148,2378000000
2014-09-30,93904000000,1290000000,2014-10-28,0.99,0.91,513875166,9399000000,5256000000,2.510337306317698,4143000000
2014-12-31,73997000000,-4407000000,2015-02-03,0.74,0.51,509224833,7247000000,5900000000,-8.65433049295143,1347000000
2015-03-31,54196000000,2602000000,2015-04-28,0.85,0.28,508603611,1858000000,4636000000,5.115968396063944,-2778000000
2015-06-30,62051000000,-5823000000,2015-07-28,0.43,0.49,508329999,7877000000,5499000000,-11.455157105532148,2378000000
2015-09-30,54730000000,46000000,2015-10-27,0.59,0.32,510323777,5183000000,4357000000,0.09013885316184278,826000000
2015-12-31,49172000000,-3307000000,2016-02-02,0.06,0.12,510251833,5806000000,5126000000,-6.481113415226085,680000000
2016-03-31,38512000000,-583000000,2016-04-26,0.17,-0.17,513017555,1872000000,4381000000,-1.136413353340316,-2509000000
2016-06-30,46442000000,-1419000000,2016-07-26,0.24,0.28,519033305,3883000000,4283000000,-2.7339286059880106,-400000000
2016-09-30,47047000000,1620000000,2016-11-01,0.29,0.25,525581166,2508000000,3379000000,3.082302229985159,-871000000
2016-12-31,51007000000,497000000,2017-02-07,0.12,0.15,530766638,2428000000,4658000000,0.9363813857494185,-2230000000
2017-03-31,55863000000,1449000000,2017-05-02,0.46,0.4,545043499,2114000000,3823000000,2.658503408734355,-1709000000
2017-06-30,56511000000,144000000,2017-08-01,0.21,0.18,549542999,4890000000,4181000000,0.2620359103146358,709000000
2017-09-30,60018000000,1769000000,2017-10-31,0.57,0.5,551853999,6024000000,4136000000,3.2055579975963897,1888000000
2017-12-31,67816000000,27000000,2018-02-06,0.66,0.57,553601527,5903000000,4422000000,0.048771541773583296,1481000000
2018-03-31,68172000000,2469000000,2018-05-01,0.78,0.68,556407166,3646000000,3586000000,4.437397918056289,60000000
2018-06-30,75439000000,2799000000,2018-07-31,0.85,0.83,556785499,6306000000,3484000000,5.027070577497206,2822000000
2018-09-30,79468000000,3349000000,2018-10-30,1.14,0.85,558845999,6092000000,3675000000,5.99270640926607,2417000000
2018-12-31,75677000000,766000000,2019-02-05,1.02,0.84,559252416,6829000000,5962000000,1.3696856340447172,867000000
2019-03-31,66321000000,2934000000,2019-04-30,0.7,0.67,563382666,5296000000,3695000000,5.2078279596909,1601000000
2019-06-30,72676000000,1822000000,2019-07-30,0.84,0.79,567255166,6815000000,3833000000,3.2119584081496053,2982000000
2019-09-30,68291000000,-749000000,2019-10-29,0.66,0.59,565881333,6056000000,3954000000,-1.3235990592395102,2102000000
2019-12-31,71109000000,19000000,2020-02-04,0.76,0.65,565327999,7603000000,3936000000,0.033608807689710765,3667000000
2020-03-31,59650000000,-4365000000,2020-04-28,0.24,0.28,560522305,952000000,3789000000,-7.787379665471118,-2837000000
2020-06-30,31676000000,-16848000000,2020-08-04,-1.98,-1.84,561738166,3737000000,3018000000,-29.99262115296613,719000000
2020-09-30,26312000000,-450000000,2020-10-27,0.03,-0.04,562533305,5204000000,2577000000,-0.7999526356932769,2627000000
2020-12-31,44789000000,1358000000,2021-02-02,0.04,0.09,564703499,2269000000,2922000000,2.404801816182832,-653000000
2021-03-31,34544000000,4667000000,2021-04-27,0.78,0.38,563821833,6109000000,3033000000,8.277437528745008,3076000000
2021-06-30,36467000000,3116000000,2021-08-03,0.83,0.6,565742499,5411000000,2435000000,5.507806122940748,2976000000
2021-09-30,36174000000,-2544000000,2021-11-02,0.99,0.92,559727388,5976000000,2666000000,-4.545069715259315,3310000000
2021-12-31,50554000000,2326000000,2022-02-08,1.26,1.17,554083999,6116000000,2772000000,4.197919456612931,3344000000
2022-03-31,49258000000,-20384000000,2022-05-03,1.92,1.35,542068833,8210000000,2602000000,-37.604080439725266,5608000000
2022-06-30,67866000000,9257000000,2022-08-02,2.61,2.13,544989666,10863000000,2666000000,16.98564317364506,8197000000
2022-09-30,55011000000,-2163000000,2022-11-01,2.58,1.94,524603499,8288000000,3105000000,-4.123113940572478,5183000000
2022-12-31,69257000000,10803000000,2023-02-07,1.56,1.67,514150666,13571000000,3696000000,21.011350785646943,9875000000
2023-03-31,56182000000,8218000000,2023-05-02,1.62,1.43,506625666,7622000000,3129000000,16.221049487848095,4493000000
2023-06-30,48538000000,1792000000,2023-08-01,0.9,1.2,497249499,6293000000,3453000000,3.603824646588533,2840000000
2023-09-30,53269000000,4858000000,2023-10-31,1.14,1.38,489155666,8747000000,3456000000,9.931398811600396,5291000000
2023-12-31,52141000000,371000000,2024-02-06,1.07,1.05,479710388,9377000000,4247000000,0.7733832939219152,5130000000
2024-03-31,48880000000,2263000000,2024-05-07,0.95,0.98,476486333,5009000000,3718000000,4.749349232646301,1291000000
2024-06-30,47299000000,-129000000,2024-07-30,1.02,0.92,2776037733,8100000000,3463000000,-0.04646910899895899,4637000000
2024-09-30,47254000000,206000000,2024-10-29,0.83,0.79,464141888,6761000000,4223000000,0.4438297971503059,2538000000
2024-12-31,45752000000,-1959000000,2025-02-11,0.44,0.45,441255166,7427000000,3893000000,-4.439608079285354,3534000000
2025-03-31,46905000000,687000000,2025-04-29,0.53,0.56,447155833,2834000000,3351000000,1.5363771403603719,-517000000
2025-06-30,46627000000,1629000000,2025-08-05,0.9,0.66,440405166,6271000000,3236000000,3.69886669313048,3035000000
2025-09-30,48386000000,1161000000,2025-11-04,0.85,0.76,437084166,7768582576,3149531526,2.6562389816701804,4619051050
