fiscalDateEnding,totalRevenue,netIncome,reportedDate,reportedEPS,estimatedEPS,commonStockSharesOutstanding,operatingCashflow,capitalExpenditures,eps_computed_simple,freeCashFlow
2005-09-30,190645000,34783000,2005-10-17,0.13,0.13,279276000,46092000,2581000,0.12454704306850571,43511000
2005-12-31,193171000,35717000,2006-02-09,0.13,0.12,279414000,74713000,3635000,0.12782824053197048,71078000
2006-03-31,230582000,50026000,2006-04-24,0.18,0.18,281646000,52032000,4477000,0.17762013307485283,47555000
2006-06-30,220807000,44431000,2006-07-24,0.16,0.15,282012000,63092000,4619000,0.15755003333191495,58473000
2006-09-30,211965000,40270000,2006-10-23,0.14,0.14,282054000,47103000,3226000,0.14277407872251413,43877000
2006-12-31,214650000,37623000,2007-02-11,0.14,0.14,282047000,62987000,2657000,0.13339266150677015,60330000
2007-03-31,258513000,59727000,2007-04-23,0.21,0.2,282388000,69391000,16280000,0.21150686289785686,53111000
2007-06-30,246644000,52012000,2007-07-23,0.19,0.16,282240000,45889000,3720000,0.1842828798185941,42169000
2007-09-30,237284000,46216000,2007-10-22,0.17,0.15,282576000,51210000,4848000,0.16355246022309042,46362000
2007-12-31,217226000,33004000,2008-02-08,0.12,0.15,277684000,48850000,5795000,0.11885452528773714,43055000
2008-03-31,256715000,51760000,2008-04-21,0.19,0.18,282654000,45459000,4061000,0.1831214134595654,41398000
2008-06-30,241720000,40398000,2008-07-17,0.14,0.16,282530000,116909000,4133000,0.14298658549534563,112776000
2008-09-30,247029000,40593000,2008-10-20,0.14,0.15,283212000,41697000,2921000,0.1433307910681751,38776000
2008-12-31,232090000,33373000,2009-02-16,0.12,0.12,278778000,137688000,3000000,0.11971174195955205,134688000
2009-03-31,263580000,48012000,2009-04-20,0.17,0.18,274440000,93160000,3158000,0.174945343244425,90002000
2009-06-30,246369000,40668000,2009-07-20,0.14,0.14,283776000,91827000,3104000,0.14331021650879566,88723000
2009-09-30,243766000,40961000,2009-10-19,0.14,0.14,275342000,4271000,2472000,0.1487640824865077,1799000
2009-12-31,214162000,23653000,2010-02-15,0.09,0.11,275298000,32327000,2576000,0.08591780543265842,29751000
2010-03-31,252273000,44128000,2010-04-19,0.16,0.15,275582000,73791000,2054000,0.16012656849866827,71737000
2010-06-30,243665000,41185000,2010-07-19,0.14,0.13,278210000,92940000,2910000,0.1480356565184573,90030000
2010-09-30,247616000,44293000,2010-10-18,0.16,0.14,279014000,59474000,2284000,0.15874830653658956,57190000
2010-12-31,229938000,32146000,2011-02-07,0.11,0.11,279966000,69847000,3206000,0.11482108541751498,66641000
2011-03-31,262228000,46293000,2011-04-18,0.16,0.17,281296000,51604000,2917000,0.16457041692736477,48687000
2011-06-30,246816000,37035000,2011-07-18,0.13,0.15,279884000,71994000,3596000,0.13232267653742263,68398000
2011-09-30,260401000,44173000,2011-10-17,0.16,0.15,280886000,77625000,2994000,0.15726308893999702,74631000
2011-12-31,244097000,36494000,2012-02-03,0.13,0.11,281094000,36308000,4101000,0.129828455961351,32207000
2012-03-31,296533000,49433000,2012-04-16,0.17,0.17,283000000,25788000,5905000,0.1746749116607774,19883000
2012-06-30,289942000,42471000,2012-07-16,0.14,0.16,283656000,86961000,6772000,0.1497271342753194,80189000
2012-09-30,302310000,49504000,2012-10-15,0.17,0.18,284194000,76227000,6238000,0.1741908696172333,69989000
2012-12-31,291879000,42637000,2013-02-01,0.14,0.13,284628000,31339000,5113000,0.14979903593462343,26226000
2013-03-31,333793000,60131000,2013-04-15,0.21,0.2,285894000,137021000,2947000,0.21032620481717,134074000
2013-06-30,324150000,52007000,2013-07-15,0.18,0.17,286042000,84864000,4176000,0.1818159570972095,80688000
2013-09-30,358196000,57749000,2013-10-14,0.2,0.2,285578000,88019000,4330000,0.20221795796594977,83689000
2013-12-31,339364000,47225000,2014-02-03,0.16,0.17,286072000,79470000,4913000,0.16508081881484382,74557000
2014-03-31,362007000,52415000,2014-04-21,0.18,0.21,286618000,67145000,4727000,0.1828740693187448,62418000
2014-06-30,394690000,61755000,2014-07-21,0.21,0.21,286064000,110457000,7850000,0.21587826500363555,102607000
2014-09-30,420615000,68331000,2014-10-20,0.24,0.23,285928000,107748000,7612000,0.23897974315212223,100136000
2014-12-31,390148000,24395000,2015-01-26,0.19,0.07,284480000,99669000,4734000,0.08575295275590551,94935000
2015-03-31,403781000,56951000,2015-04-20,0.2,0.2,282974000,50702000,3727000,0.20125877289079563,46975000
2015-06-30,417244000,61005000,2015-07-20,0.22,0.22,279656000,176682000,4870000,0.2181430042623795,171812000
2015-09-30,431863000,67427000,2015-10-19,0.24,0.24,280082000,63257000,4176000,0.24074021179511715,59081000
2015-12-31,404063000,57935000,2016-01-25,0.21,0.18,278226000,121207000,5602000,0.208230000071884,115605000
2016-03-31,422335000,62070000,2016-04-18,0.22,0.21,273880000,33222000,4252000,0.22663210165035783,28970000
2016-06-30,445662000,66250000,2016-07-18,0.24,0.22,275162000,205465000,4692000,0.2407672571067226,200773000
2016-09-30,461652000,71545000,2016-10-20,0.25,0.25,276364000,80448000,4191000,0.25887959357948215,76257000
2016-12-31,433138000,57626000,2017-01-23,0.21,0.2,276810000,104549000,4630000,0.2081788952711246,99919000
2017-03-31,444566000,70110000,2017-04-17,0.21,0.21,278052000,90021000,3032000,0.25214708040222694,86989000
2017-06-30,464724000,66102000,2017-07-17,0.25,0.24,278202000,180060000,5816000,0.23760433066620656,174244000
2017-09-30,474609000,75913000,2017-10-16,0.27,0.25,277786000,43489000,4049000,0.2732787109501559,39440000
2017-12-31,473371000,187505000,2018-01-22,0.24,0.21,276202000,128405000,11295000,0.678869088565615,117110000
2018-03-31,500338000,90828000,2018-04-23,0.33,0.29,275714000,79481000,9751000,0.3294283206511095,69730000
2018-06-30,472068000,73922000,2018-07-23,0.26,0.28,275908000,197925000,9639000,0.26792264088029344,188286000
2018-09-30,529813000,106053000,2018-10-22,0.38,0.34,275282000,78111000,9469000,0.38525221409318444,68642000
2018-12-31,507638000,73452000,2019-01-28,0.26,0.27,275273000,212012000,12661000,0.2668332891347862,199351000
2019-03-31,617463000,113896000,2019-04-22,0.41,0.36,275014000,5356000,23186000,0.4141461889212913,-17830000
2019-06-30,572932000,92593000,2019-07-22,0.32,0.28,274402000,300347000,11988000,0.3374355872041749,288359000
2019-09-30,617363000,115506000,2019-10-28,0.39,0.38,275075000,141417000,12184000,0.4199072980096337,129233000
2019-12-31,576979000,76519000,2020-01-27,0.28,0.27,274814000,231060000,25750000,0.278439235264579,205310000
2020-03-31,696503000,152400000,2020-04-27,0.51,0.46,274861000,33817000,16458000,0.5544620735571798,17359000
2020-06-30,598157000,96784000,2020-07-27,0.34,0.28,274362000,382882000,19480000,0.3527602218966183,363402000
2020-09-30,671396000,133979000,2020-10-26,0.52,0.43,276933000,122889000,19882000,0.48379571954227196,103007000
2020-12-31,640052000,97320000,2021-01-25,0.32,0.29,277398000,182059000,14880000,0.35083165704150715,167179000
2021-03-31,814300000,199744000,2021-04-26,0.7,0.58,276955000,138000000,11400000,0.7212146377570363,126600000
2021-06-30,726100000,139290000,2021-07-26,0.49,0.4,276877000,241900000,13700000,0.5030753728189774,228200000
2021-09-30,770100000,146354000,2021-10-25,0.58,0.53,277553000,247900000,9500000,0.5273010920436817,238400000
2021-12-31,737912000,101717000,2022-01-24,0.42,0.39,278128000,314626000,10428000,0.3657201000977967,304198000
2022-03-31,904300000,215900000,2022-04-25,0.78,0.75,278566000,103600000,10000000,0.7750407443837367,93600000
2022-06-30,839100000,142500000,2022-07-25,0.51,0.49,278200000,242600000,8300000,0.5122214234363767,234300000
2022-09-30,926400000,161100000,2022-10-24,0.5,0.61,278700000,253600000,14100000,0.5780409041980624,239500000
2022-12-31,893200000,145200000,2023-01-23,0.5,0.46,279018000,281600000,20200000,0.5203965335569748,261400000
2023-03-31,1108000000,236000000,2023-04-24,0.84,0.82,279400000,59800000,11800000,0.8446671438797423,48000000
2023-06-30,1036000000,190000000,2023-07-24,0.68,0.59,280400000,328700000,13300000,0.6776034236804565,315400000
2023-09-30,1066000000,176000000,2023-10-23,0.71,0.62,281300000,315600000,13300000,0.6256665481692144,302300000
2023-12-31,972400000,268700000,2024-01-22,0.58,0.53,281900000,305400000,30500000,0.9531748847108904,274900000
2024-03-31,1237000000,293000000,2024-04-22,1.14,1.05,283000000,13000000,13000000,1.0353356890459364,0
2024-06-30,1154000000,257000000,2024-07-22,0.93,0.88,283000000,360000000,26000000,0.9081272084805654,334000000
2024-09-30,1186000000,234000000,2024-10-28,0.91,0.88,283000000,440000000,23000000,0.8268551236749117,417000000
2024-12-31,1089000000,210000000,2025-01-27,0.86,0.77,284000000,361000000,20000000,0.7394366197183099,341000000
2025-03-31,1385000000,331000000,2025-04-28,1.29,1.3,285000000,213000000,17000000,1.1614035087719299,196000000
2025-06-30,1249000000,231000000,2025-07-28,1.03,0.99,293000000,325000000,15000000,0.78839590443686,310000000
2025-09-30,1606000000,227000000,2025-10-27,1.05,0.92,332000000,468000000,32000000,0.6837349397590361,436000000
