fiscalDateEnding,totalRevenue,netIncome,reportedDate,reportedEPS,estimatedEPS,commonStockSharesOutstanding,operatingCashflow,capitalExpenditures,eps_computed_simple,freeCashFlow
2019-06-30,203871,6434604,2019-09-03,0.09,0,70005000,950623,0,0.09191634883222627,950623
2019-12-31,-22398124,78089962,2020-03-06,1.24,0,86174920,-115884340,0,0.9061796866187981,-115884340
2020-06-30,-104076583,78089962,2020-09-04,5.51,0,78089960,46420460,0,1.0000000256114872,46420460
2020-12-31,175872395,78089962,2021-03-05,13.51,0,78082836,-95021550,0,1.0000912620540576,-95021550
2021-06-30,233289811,78089962,2021-09-02,5.16,0,78096857,-41319747,0,0.999911712196049,-41319747
2021-12-31,28112121,78538036,2022-03-04,-1.96,0,78118002,-61786292,0,1.0053769168340994,-61786292
2022-06-30,50064820,-554714509,2022-09-01,-14.71,0,33000006,31870421,0,-16.809527519479843,31870421
2022-12-31,5506310,-100055804,2023-03-06,-2.33,0,33000006,12405900,0,-3.0319935093345136,12405900
