fiscalDateEnding,totalRevenue,netIncome,reportedDate,reportedEPS,estimatedEPS,commonStockSharesOutstanding,operatingCashflow,capitalExpenditures,eps_computed_simple,freeCashFlow
2023-12-31,2374544000,-6537000,2024-02-29,0.14,0.09,171190389,162400000,16834000,-0.03818555491453437,145566000
2024-03-31,2285766000,-45750000,2024-05-02,0.12,0.07,175531000,-78859000,21816000,-0.2606377221117637,-100675000
2024-06-30,2438254000,19919000,2024-08-02,0.1,0.17,208987000,-15225000,23743000,0.09531214860254465,-38968000
2024-09-30,2906823000,-8230000,2024-11-01,0.11,0.17,198491000,27246000,20043000,-0.0414628371059645,7203000
2024-12-31,3052801000,15999000,2025-03-06,0.22,0.21,213160000,90612000,15311000,0.07505629574028898,75301000
2025-03-31,2878129000,29542000,2025-04-30,0.19,0.091,214927000,101598000,17632000,0.1374513206809754,83966000
2025-06-30,3147698000,28208000,2025-07-31,0.13,0.22,216336000,49076000,24425000,0.13038976407070482,24651000
2025-09-30,3334106000,55836000,2025-10-31,0.17,0.22,217982000,107936000,15762000,0.25614959033314677,92174000
