fiscalDateEnding,totalRevenue,netIncome,reportedDate,reportedEPS,estimatedEPS,commonStockSharesOutstanding,operatingCashflow,capitalExpenditures,eps_computed_simple,freeCashFlow
2004-06-30,6882876800,168825280,2004-07-29,0.48,0.61,934000000,595676600,348922640,0.18075511777301928,246753960
2004-09-30,3755520600,166465260,2004-10-28,0.44,0.38,474000000,505215660,164128200,0.35119253164556963,341087460
2004-12-31,7511041200,332930520,2005-02-17,0.13,0.13,948000000,595676600,348922640,0.35119253164556963,246753960
2005-03-31,3242320290,35485780,2005-04-28,0.1,0.11,475000000,-103371620,138857400,0.07470690526315789,-242229020
2005-06-30,6484640580,70971560,2005-07-28,0.58,0.5,950000000,688534805,385849670,0.07470690526315789,302685135
2005-09-30,4070337430,159588480,2005-10-27,0.47,0.47,476000000,662842190,174149810,0.33526991596638656,488692380
2005-12-31,8140674860,319176960,2006-02-09,0.15,0.14,952000000,688534805,385849670,0.33526991596638656,302685135
2006-03-31,3574768330,13200160,2006-04-27,0.09,0.09,479000000,-9900120,250803040,0.027557745302713987,-260703160
2006-06-30,7502646380,-433019835,2006-07-27,0.57,0.55,480000000,602363550,334141290,-0.90212465625,268222260
2006-09-30,4102119760,167835480,2006-10-26,0.45,0.48,482000000,580951600,160631160,0.3482063900414938,420320440
2006-12-31,7502646380,-433019835,2007-02-13,0.2,0.16,478000000,602363550,334141290,-0.9058992364016737,268222260
2007-03-31,3418673520,11228400,2007-04-26,0.09,0.05,483000000,-50153520,154951920,0.0232472049689441,-205105440
2007-06-30,6837347040,22456800,2007-07-26,0.58,0.55,966000000,567557425,321673030,0.0232472049689441,245884395
2007-09-30,3787661850,187806360,2007-10-24,0.44,0.44,488000000,388844750,142169250,0.38484909836065573,246675500
2007-12-31,7575323700,375612720,2008-02-12,0.29,0.27,976000000,567557425,321673030,0.38484909836065573,245884395
2008-03-31,3097565480,5065520,2008-04-24,0.08,0.1,493000000,-42423730,147533270,0.010274888438133874,-189957000
2008-06-30,3771395750,-2011834700,2008-07-17,0.56,0.53,485000000,581137060,352345770,-4.148112783505154,228791290
2008-09-30,4073337610,151783780,2008-10-23,0.46,0.46,488000000,482414350,200513950,0.3110323360655738,281900400
2008-12-31,3912236480,-1068295080,2009-02-11,0.22,0.19,485000000,581137060,352345770,-2.202670268041237,228791290
2009-03-31,3813053000,46058660,2009-04-28,0.2,0.05,488000000,80791420,197070660,0.0943825,-116279240
2009-06-30,7553672100,201012480,2009-07-29,0.67,0.51,490000000,621184400,27918400,0.41022955102040815,593266000
2009-09-30,1183061250,135750000,2009-10-28,0.51,0.46,489000000,125222220,139198950,0.2776073619631902,-13976730
2009-12-31,7553672100,201012480,2010-02-10,0.22,0.2,498000000,621184400,27918400,0.40363951807228915,593266000
2010-03-31,1136926440,90471600,2010-04-27,0.27,0.22,504000000,-13570740,51267240,0.17950714285714287,-64837980
2010-06-30,2273852880,180943200,2010-07-28,0.79,0.69,1008000000,310158750,109401450,0.17950714285714287,200757300
2010-09-30,1233484180,152626240,2010-10-28,0.58,0.53,338786671,363027440,33984980,0.4505083967721977,329042460
2010-12-31,2466968360,305252480,2011-02-11,0.28,0.28,677573342,310158750,109401450,0.4505083967721977,200757300
2011-03-31,1306031440,75075560,2011-04-28,0.33,0.33,338000000,5666080,58785580,0.22211704142011834,-53119500
2011-06-30,2612062880,150151120,2011-07-28,0.76,0.74,676000000,11332160,117571160,0.22211704142011834,-106239000
2011-09-30,1575639200,209103520,2011-10-27,0.72,0.69,324000000,303958840,60516810,0.6453812345679012,243442030
2011-12-31,3151278400,418207040,2012-02-09,0.36,0.36,648000000,607917680,121033620,0.6453812345679012,486884060
2012-03-31,1400308840,81709670,2012-04-26,0.36,0.33,310000000,-96702270,53973360,0.2635795806451613,-150675630
2012-06-30,2800617680,163419340,2012-07-23,0.73,0.73,620000000,359126075,143347050,0.2635795806451613,215779025
2012-09-30,1612136700,204827030,2012-10-25,0.71,0.69,297000000,350252530,53267870,0.6896532996632997,296984660
2012-12-31,3224273400,409654060,2013-02-07,0.45,0.44,594000000,359126075,143347050,0.6896532996632997,215779025
2013-03-31,1444628000,47633680,2013-04-25,0.39,0.38,285000000,10932320,68717440,0.1671357192982456,-57785120
2013-06-30,3081615500,186927750,2013-07-25,0.77,0.76,281000000,113079750,114618250,0.6652233096085409,-1538500
2013-09-30,1611086180,214169230,2013-10-24,0.82,0.8,269000000,329428710,48508040,0.7961681412639405,280920670
2013-12-31,3054186900,307887600,2014-02-05,0.54,0.52,265000000,498138900,119088600,1.16184,379050300
2014-03-31,1359677000,83616500,2014-04-24,0.46,0.44,260000000,48715700,63984800,0.3216019230769231,-15269100
2014-06-30,3083110650,229601150,2014-07-24,0.9,0.88,257000000,156246150,114433800,0.8933896887159533,41812350
2014-09-30,1683338880,187563040,2014-10-23,0.92,0.88,248000000,309630540,74006240,0.7563025806451613,235624300
2014-12-31,3354995150,289152500,2015-02-12,0.58,0.56,247000000,635309350,145402400,1.170657894736842,489906950
2015-03-31,1467916310,86400960,2015-04-30,0.42,0.4,240000000,142201580,88200980,0.360004,54000600
2015-06-30,3199000000,237000000,2015-07-30,0.79,0.76,237000000,352000000,175000000,1.0,177000000
2015-09-30,1638000000,146000000,2015-10-29,0.84,0.81,231746032,410000000,67000000,0.629999999309589,343000000
2015-12-31,3130000000,276000000,2016-02-11,0.53,0.51,233000000,570000000,117000000,1.184549356223176,453000000
2016-03-31,1325084330,57650340,2016-04-28,0.41,0.4,232000000,107439270,75993630,0.2484928448275862,31445640
2016-06-30,3545000000,210000000,2016-09-22,0.63,0.74,283000000,338000000,157000000,0.7420494699646644,181000000
2016-09-30,3010000000,327000000,2016-11-10,0.66,0.63,488000000,647000000,161000000,0.6700819672131147,486000000
2016-12-31,2605000000,12000000,2017-03-21,0.43,0.43,355400000,259000000,162000000,0.03376477208778841,97000000
2017-03-31,5588000000,339000000,2017-05-04,0.31,0.29,487000000,906000000,302000000,0.6960985626283368,604000000
2017-06-30,5436000000,445000000,2017-08-10,0.67,0.6,488000000,470000000,198000000,0.9118852459016393,272000000
2017-09-30,2964000000,304000000,2017-11-07,0.68,0.68,489000000,663000000,100000000,0.621676891615542,563000000
2017-12-31,5626000000,243000000,2018-02-15,0.49,0.46,490000000,1153000000,286000000,0.4959183673469388,867000000
2018-03-31,2378000000,124000000,2018-04-26,0.33,0.32,496000000,22000000,107000000,0.25,-85000000
2018-06-30,5435000000,417000000,2018-08-09,0.67,0.65,489000000,621000000,207000000,0.852760736196319,414000000
2018-09-30,3289000000,358000000,2018-10-25,0.76,0.75,490000000,799000000,115000000,0.7306122448979592,684000000
2018-12-31,6083000000,492000000,2019-02-14,0.54,0.53,487000000,1185000000,318000000,1.0102669404517455,867000000
2019-03-31,2901000000,254000000,2019-04-30,0.38,0.37,475000000,422000000,130000000,0.5347368421052632,292000000
2019-06-30,6553251250,573776565,2019-08-08,0.7446,0.77,475000000,893419810,343362354,1.2079506631578947,550057456
2019-09-30,3107500000,291000000,2019-11-15,0.8,0.81,463000000,530000000,123000000,0.6285097192224622,407000000
2019-12-31,6143045803,575261891,2020-02-13,0.58,0.6,463885430,1001032082,289139464,1.2400947600358994,711892618
2020-03-31,2418500000,63000000,2020-04-28,0.29,0.3,457000000,176500000,120500000,0.13785557986870897,56000000
2020-06-30,4743630044,123567786,2020-08-06,0.195,0.37,457000000,288324836,268710901,0.2703890284463895,19613935
2020-09-30,2884500000,186000000,2020-10-26,0.69,0.74,455000000,568500000,53500000,0.4087912087912088,515000000
2020-12-31,5565029802,358847475,2021-02-11,0.52,0.66,455662281,1084870617,146913149,0.7875294707573129,937957468
2021-03-31,6013613434,247942155,2021-05-11,0.32,0.1,457000000,908000000,115000000,0.5425430087527352,793000000
2021-06-30,6013613434,247942155,2021-09-02,0.68,0.76,457000000,908000000,115000000,0.5425430087527352,793000000
2021-09-30,3922500000,369000000,2021-11-09,0.95,0.92,457000000,604500000,117000000,0.8074398249452954,487500000
2021-12-31,8010335348,753553535,2022-02-16,0.81,0.8,456235032,1209000000,234000000,1.6516783722123294,975000000
2022-03-31,4140000000,333500000,2022-04-14,0.67,0.56,458000000,826500000,89000000,0.7281659388646288,737500000
2022-06-30,8629896451,695186103,2022-08-08,0.93,1.18,458000000,1620711229,208451605,1.5178735873362446,1412259624
2022-09-30,4520000000,420500000,2022-11-02,0.93,0.93,458000000,639500000,161000000,0.9181222707423581,478500000
2022-12-31,9040000000,841000000,2023-02-16,0.77,0.78,458000000,-1413000000,625500000,1.8362445414847162,-2038500000
2023-03-31,4488500000,427000000,2023-04-25,0.68,0.7,459000000,653500000,132000000,0.9302832244008714,521500000
2023-06-30,8977000000,854000000,2023-08-02,1.85,0.97,459000000,1307000000,264000000,1.8605664488017428,1043000000
2023-12-31,9325000000,815000000,2024-02-23,3.63,0.86,460000000,1499000000,408000000,1.7717391304347827,1091000000
2024-06-30,9828000000,797000000,2024-08-07,1.97,1.04,460000000,1122000000,390000000,1.732608695652174,732000000
2024-12-31,10610000000,621000000,2025-03-21,1.35,0.91,462000000,1939000000,401000000,1.344155844155844,1538000000
2025-06-30,10274000000,913000000,2025-08-06,1.99,0.0,459000000,986000000,343000000,1.9891067538126361,643000000
