fiscalDateEnding,totalRevenue,netIncome,reportedDate,reportedEPS,estimatedEPS,commonStockSharesOutstanding,operatingCashflow,capitalExpenditures,eps_computed_simple,freeCashFlow
2023-09-30,23415000,610000,2023-11-29,0.1298,0.0,49400000,34468000,10581000,0.012348178137651822,23887000
2023-12-31,17434000,-18701000,2024-03-26,-0.4,0.0,50252777,10535000,54428702,-0.3721386382288883,-43893702
2024-03-31,19063000,-20793000,2024-05-28,-0.2605,,86637500,13139000,1163245321,-0.24,-1150106321
2024-06-30,63155000,20946000,2024-08-27,0.257,,87739250,4161000,194293000,0.23873010083856427,-190132000
2024-09-30,80567000,27663000,2024-11-26,0.34,0.45,87739250,27470000,253106000,0.3152864880882843,-225636000
2024-12-31,85953000,37253000,2025-03-25,0.48,0.28,87716011,48331000,66686000,0.4247001154669471,-18355000
2025-03-31,65474000,1798000,2025-05-21,0.01,,87716011,20387000,466709000,0.020497968153157353,-446322000
2025-06-30,233061000,165935000,2025-08-26,2.19,0.0,87973431,51103000,206495000,1.8861944806949726,-155392000
2025-09-30,154250000,64615000,2025-11-20,0.8102,0.0,93198176,214030000,258153000,0.6933075600106166,-44123000
