fiscalDateEnding,totalRevenue,netIncome,reportedDate,reportedEPS,estimatedEPS,commonStockSharesOutstanding,operatingCashflow,capitalExpenditures,eps_computed_simple,freeCashFlow
2023-12-31,1000,-16116000,2024-03-26,-0.3309,-0.67,66636252,-16061000,0,-0.24185033696072822,-16061000
2024-03-31,529000,-16932000,2024-05-09,-0.36,-0.29,66642848,-26012000,12000,-0.2540707744062799,-26024000
2024-06-30,111000,-18902000,2024-08-08,-0.28,-0.4,66649443,-16120000,14000,-0.2836032703229043,-16134000
2024-09-30,43000,-20405000,2024-11-12,-0.3,-0.42,67143744,-15919000,1000,-0.30390024124957943,-15920000
2024-12-31,456000,-31798000,2025-03-28,-0.46,-0.45,64820235,-20662000,209000,-0.4905566911320207,-20871000
2025-03-31,52000,-34452000,2025-05-13,-0.45,-0.374,76187621,-29277000,16000,-0.45219944589161015,-29293000
2025-06-30,0,-41426000,2025-08-08,-0.54,-0.4422,76226829,-27959000,14000,-0.5434569500457641,-27973000
2025-09-30,1666000,-43808000,2025-11-14,-0.57,-0.5467,76729726,-38894000,97000,-0.5709390908029569,-38991000
