fiscalDateEnding,totalRevenue,netIncome,reportedDate,reportedEPS,estimatedEPS,commonStockSharesOutstanding,operatingCashflow,capitalExpenditures,eps_computed_simple,freeCashFlow
2005-09-30,112016000,71635000,2005-11-07,0.09,0.07,81066000,-4159000,7678000,0.883662694594528,-11837000
2005-12-31,81766000,-3016000,2006-03-14,-0.1,-0.01,80874000,-33833000,2647000,-0.03729257857902416,-36480000
2006-03-31,45028000,-10273000,2006-05-09,-0.26,-0.25,78444000,10401000,9953000,-0.1309596654938555,448000
2006-06-30,175025000,33353000,2006-08-08,0.68,0.65,81738000,41242000,4227000,0.408047664488977,37015000
2006-09-30,106350000,8747000,2006-11-07,0.07,0.1,81936000,-4939000,7566000,0.10675405194297989,-12505000
2006-12-31,51987000,-2016000,2007-03-12,-0.03,-0.04,82578000,22804000,24853000,-0.024413281987938677,-2049000
2007-03-31,47842000,-8191000,2007-05-08,-0.21,-0.26,80226000,19732000,11533000,-0.10209907012689153,8199000
2007-06-30,169933000,29319000,2007-08-07,0.71,0.69,83418000,32888000,16142000,0.3514709055599511,16746000
2007-09-30,103905000,818000,2007-11-07,0.03,0.07,84228000,2721000,9873000,0.009711734815025881,-7152000
2007-12-31,89055000,-6215000,2008-03-13,-0.13,-0.07,84462000,-4116000,8084000,-0.07358338661173072,-12200000
2008-03-31,65721000,742000,2008-05-06,-0.22,-0.22,84060000,44509000,8647000,0.008827028313109683,35862000
2008-06-30,179297000,29412000,2008-08-05,0.7,0.74,83988000,40460000,7848000,0.35019288469781396,32612000
2008-09-30,99603000,2468000,2008-11-05,0.06,0.06,84150000,-10327000,12067000,0.02932857991681521,-22394000
2008-12-31,85945000,-4073000,2009-03-04,-0.09,-0.06,84120000,3592000,11588000,-0.0484189253447456,-7996000
2009-03-31,73737000,-4826000,2009-05-06,-0.12,-0.19,81438000,27997000,4160000,-0.059259805005034506,23837000
2009-06-30,180037000,30861000,2009-07-29,0.73,0.71,84186000,37172000,6808000,0.36658114175753687,30364000
2009-09-30,100896000,-2325000,2009-10-28,-0.03,0.08,81522000,-2300000,24587000,-0.028519908736292045,-26887000
2009-12-31,85031000,-6882000,2010-03-02,-0.17,-0.07,84240000,8178000,49635000,-0.0816951566951567,-41457000
2010-03-31,75050000,-8668000,2010-05-05,-0.21,-0.17,81654000,21273000,18963000,-0.10615524040463419,2310000
2010-06-30,200512000,27605000,2010-08-04,0.62,0.68,89370000,36613000,33185000,0.3088844131140204,3428000
2010-09-30,135744000,-689000,2010-11-03,0.07,-0.03,100608000,-2545000,7095000,-0.006848361959287532,-9640000
2010-12-31,174039000,-1895000,2011-03-14,-0.09,-0.04,101358000,4516000,5459000,-0.018696106868722744,-943000
2011-03-31,131554000,-3185000,2011-05-09,-0.06,-0.1,98148000,60475000,5517000,-0.03245099237885642,54958000
2011-06-30,249686000,40147000,2011-07-27,0.79,0.73,101610000,44334000,7600000,0.3951087491388643,36734000
2011-09-30,166349000,19780000,2011-10-26,0.12,0.1,101844000,26823000,5935000,0.1942186088527552,20888000
2011-12-31,149265000,7613000,2012-03-12,0.08,,106098000,41546000,5865000,0.07175441572885445,35681000
2012-03-31,138196000,1353000,2012-05-07,0.01,-0.04,104598000,55109000,9120000,0.012935237767452533,45989000
2012-06-30,270816000,48576000,2012-08-06,0.87,0.85,105012000,40941000,7353000,0.46257570563364186,33588000
2012-09-30,164877000,5973000,2012-11-05,0.11,0.12,105450000,6059000,11233000,0.05664295874822191,-5174000
2012-12-31,158494000,2374000,2013-02-27,0.05,0.06,105540000,42298000,15842000,0.02249384119765018,26456000
2013-03-31,148073000,1058000,2013-04-24,0.02,0.04,106968000,46715000,13694000,0.009890808466083315,33021000
2013-06-30,283773000,50298000,2013-07-31,0.94,0.96,107526000,53549000,12328000,0.4677752357569332,41221000
2013-09-30,185646000,9249000,2013-10-30,0.17,0.14,107730000,14109000,8586000,0.08585352269562796,5523000
2013-12-31,162360000,-5705000,2014-02-26,-0.11,0.06,104220000,30542000,16813000,-0.05473997313375552,13729000
2014-03-31,167310000,-700000,2014-04-23,-0.01,,104514000,51931000,20169000,-0.0066976672981610115,31762000
2014-06-30,303651000,57333000,2014-07-30,1.07,1.06,107280000,67157000,18306000,0.534423937360179,48851000
2014-09-30,173665000,3531000,2014-10-29,0.07,0.14,103818000,-4843000,12629000,0.03401144310235219,-17472000
2014-12-31,168308000,-13807000,2015-02-25,0.03,-0.01,102708000,27374000,5632000,-0.1344296452077735,21742000
2015-03-31,250910000,-1558000,2015-04-27,-0.03,-0.05,103800000,89674000,9784000,-0.015009633911368015,79890000
2015-06-30,409239000,55100000,2015-07-29,1.03,1.14,106200000,104504000,12897000,0.5188323917137476,91607000
2015-09-30,279765000,4200000,2015-10-28,0.08,0.22,106800000,29018000,10407000,0.03932584269662921,18611000
2015-12-31,272387000,7508000,2016-02-24,0.14,0.12,103914000,41330000,12672000,0.07225205458359797,28658000
2016-03-31,288400000,2800000,2016-04-28,0.05,0.16,102000000,66600000,16400000,0.027450980392156862,50200000
2016-06-30,438500000,69800000,2016-08-03,1.37,1.19,102000000,100200000,20600000,0.6843137254901961,79600000
2016-09-30,303400000,8700000,2016-10-27,0.17,0.31,101400000,22200000,9600000,0.08579881656804733,12600000
2016-12-31,278300000,26800000,2017-02-28,0.19,0.21,100800000,37800000,10600000,0.26587301587301587,27200000
2017-03-31,279500000,7300000,2017-04-26,0.15,0.19,100800000,74600000,37500000,0.07242063492063493,37100000
2017-06-30,451900000,78300000,2017-07-26,1.6,1.5,97800000,96500000,26500000,0.8006134969325154,70000000
2017-09-30,314800000,16700000,2017-11-01,0.36,0.29,93000000,-6900000,27400000,0.17956989247311828,-34300000
2017-12-31,178900000,38200000,2018-02-28,0.19,0.19,93000000,54000000,25500000,0.410752688172043,28500000
2018-03-31,189300000,182000000,2018-04-25,0.36,0.22,87000000,55900000,34000000,2.0919540229885056,21900000
2018-06-30,379400000,103100000,2018-08-01,2.52,2.48,81800000,106400000,38400000,1.2603911980440097,68000000
2018-09-30,221300000,56300000,2018-10-31,0.35,0.49,82000000,-26900000,53100000,0.6865853658536586,-80000000
2018-12-31,219000000,11400000,2019-02-27,0.2,0.14,82000000,62400000,23900000,0.13902439024390245,38500000
2019-03-31,265400000,11600000,2019-04-24,0.63,0.4,81200000,70300000,28100000,0.14285714285714285,42200000
2019-06-30,477400000,107100000,2019-07-31,2.66,2.81,81400000,144000000,52800000,1.3157248157248158,91200000
2019-09-30,306300000,14800000,2019-10-30,0.55,0.51,81400000,45900000,32200000,0.18181818181818182,13700000
2019-12-31,280600000,4000000,2020-02-26,0.42,-0.06,82000000,29400000,50200000,0.04878048780487805,-20800000
2020-03-31,252900000,-23400000,2020-04-29,0.05,0.16,79400000,43500000,48300000,-0.2947103274559194,-4800000
2020-06-30,185100000,-118800000,2020-07-29,-0.53,-0.55,79000000,33400000,83000000,-1.5037974683544304,-49600000
2020-09-30,337800000,43200000,2020-10-28,1.19,0.74,80200000,60400000,78800000,0.5386533665835411,-18400000
2020-12-31,278200000,17100000,2021-02-24,0.19,0.27,80400000,4600000,24100000,0.2126865671641791,-19500000
2021-03-31,324300000,36100000,2021-04-21,0.87,0.56,79200000,-19800000,12300000,0.45580808080808083,-32100000
2021-06-30,515100000,108300000,2021-07-28,2.96,2.59,78600000,230100000,17300000,1.3778625954198473,212800000
2021-09-30,393000000,61400000,2021-10-27,1.57,1.47,78400000,56700000,22500000,0.7831632653061225,34200000
2021-12-31,364800000,43300000,2022-02-23,1.11,1.1,78000000,68500000,39700000,0.5551282051282052,28800000
2022-03-31,364100000,42100000,2022-04-27,1.23,1.07,77600000,135200000,55500000,0.5425257731958762,79700000
2022-06-30,582500000,339300000,2022-07-27,3.9,3.8,77200000,245600000,111600000,4.3950777202072535,134000000
2022-09-30,383100000,57000000,2022-10-26,1.62,1.3,76800000,43700000,129900000,0.7421875,-86200000
2022-12-31,480100000,1000000,2023-02-22,1.46,1.67,76200000,112300000,159800000,0.013123359580052493,-47500000
2023-03-31,559500000,155700000,2023-04-26,1.96,1.79,76200000,215900000,134700000,2.043307086614173,81200000
2023-06-30,768500000,143000000,2023-07-26,2.24,2.6,76900000,187200000,177700000,1.859557867360208,9500000
2023-09-30,572500000,61000000,2023-10-25,0.87,0.86,77100000,96200000,185700000,0.7911802853437094,-89500000
2023-12-31,561200000,57600000,2024-02-21,0.86,0.74,75800000,106500000,178400000,0.7598944591029023,-71900000
2024-03-31,590900000,80400000,2024-04-24,1.13,0.83,74700000,254700000,155000000,1.0763052208835342,99700000
2024-06-30,890700000,209300000,2024-07-24,2.89,2.71,74600000,218000000,137000000,2.8056300268096517,81000000
2024-09-30,628500000,64400000,2024-10-23,0.97,1.06,74600000,169400000,125600000,0.8632707774798928,43800000
2024-12-31,624200000,71700000,2025-02-19,0.92,0.9472,74600000,130600000,129400000,0.9611260053619303,1200000
2025-03-31,642600000,76700000,2025-04-22,1.07,1.13,74400000,246500000,80100000,1.0309139784946237,166400000
2025-06-30,934400000,216900000,2025-07-22,3.1,2.94,72300000,239600000,84700000,3.0,154900000
2025-09-30,683000000,37900000,2025-10-22,1.09,0.97,71000000,187700000,80100000,0.5338028169014084,107600000
