fiscalDateEnding,totalRevenue,netIncome,reportedDate,reportedEPS,estimatedEPS,commonStockSharesOutstanding,operatingCashflow,capitalExpenditures,eps_computed_simple,freeCashFlow
2009-12-31,1710000000,12718000000,2010-03-02,122.5021,,103000000,-414000000,711000000,123.47572815533981,-1125000000
2010-03-31,1735000000,24000000,2010-05-06,0.23,0.77,103877329,530000000,325000000,0.23104175117941278,205000000
2010-06-30,1771000000,-81000000,2010-08-04,-0.8,0.59,102274859,451000000,324000000,-0.7919834922480803,127000000
2010-09-30,1769000000,-95000000,2010-11-03,-0.93,0.03,102274865,441000000,306000000,-0.9288694734527393,135000000
2010-12-31,1784000000,-85000000,2011-03-01,-0.83,0.22,102377414,489000000,246000000,-0.8302612527407657,243000000
2011-03-31,1770000000,-110000000,2011-05-03,-0.42,0.23,102377414,447000000,375000000,-1.0744557388409908,72000000
2011-06-30,1791000000,-107000000,2011-08-02,-1.08,0.22,98798205,460000000,343000000,-1.083015627662466,117000000
2011-09-30,1809000000,-85000000,2011-11-01,-0.87,-0.17,98033516,405000000,393000000,-0.8670504075361328,12000000
2011-12-31,1834000000,-67000000,2012-02-27,-0.7,-0.35,89907282,425000000,270000000,-0.745212162013751,155000000
2012-03-31,1827000000,-94000000,2012-05-08,-1.05,-0.63,89907282,454000000,352000000,-1.0455215407357104,102000000
2012-06-30,1884000000,-83000000,2012-08-07,-0.93,-0.41,89964965,469000000,443000000,-0.9225813626448918,26000000
2012-09-30,1880000000,-87000000,2012-11-06,-0.96,-0.46,90143922,468000000,485000000,-0.9651233058175569,-17000000
2012-12-31,1913000000,-40000000,2013-02-22,-0.45,-0.31,90716051,485000000,433000000,-0.44093630133877854,52000000
2013-03-31,1917000000,-42000000,2013-05-07,-0.46,-0.67,90716051,541000000,423000000,-0.46298311640571743,118000000
2013-06-30,1972000000,-96000000,2013-08-06,-1.06,0.38,90963133,484000000,409000000,-1.0553726200261815,75000000
2013-09-30,2118000000,-70000000,2013-11-05,-0.75,0.11,93064281,538000000,1079000000,-0.7521682781818301,-541000000
2013-12-31,2148000000,39000000,2014-02-21,0.39,0.26,100742330,595000000,514000000,0.38712624573999826,81000000
2014-03-31,2202000000,-37000000,2014-04-28,-0.39,0.13,96242322,577000000,503000000,-0.3844462522423347,74000000
2014-06-30,2259000000,-45000000,2014-07-31,-0.46,0.23,97631842,632000000,562000000,-0.460915200186431,70000000
2014-09-30,2287000000,-53000000,2014-10-29,-0.54,0.08,98370273,520000000,582000000,-0.5387806537855191,-62000000
2014-12-31,2360000000,-48000000,2015-02-05,-0.53,0.01,99681274,630000000,541000000,-0.4815347765318489,89000000
2015-03-31,2362000000,-81000000,2015-05-01,-0.81,0.04,100959008,528000000,427000000,-0.802305822973221,101000000
2015-06-30,2430000000,-122000000,2015-08-04,-0.18,0.3,101074644,531000000,373000000,-1.207028738087863,158000000
2015-09-30,2450000000,54000000,2015-10-29,0.73,-0.07,102481924,689000000,481000000,0.5269221916637709,208000000
2015-12-31,2512000000,-122000000,2016-02-04,-1.21,-0.32,101366475,611000000,531000000,-1.2035537390443931,80000000
2016-03-31,2530000000,-188000000,2016-04-28,-1.86,-1.21,101552093,424000000,485000000,-1.851266620373841,-61000000
2016-06-30,6161000000,3067000000,2016-08-09,15.17,0.08,205214266,1590000000,29876000000,14.94535472499753,-28286000000
2016-09-30,10037000000,189000000,2016-11-03,0.69,0.63,275373202,2801000000,1800000000,0.686341294749516,1001000000
2016-12-31,10275000000,454000000,2017-02-16,1.67,1.0,272624270,3226000000,1371000000,1.6652956099616516,1855000000
2017-03-31,10164000000,155000000,2017-05-02,0.57,0.96,273199509,2843000000,1705000000,0.5673509464469791,1138000000
2017-06-30,10357000000,139000000,2017-07-27,0.52,0.87,267309261,2945000000,1801000000,0.5199969484035197,1144000000
2017-09-30,10458000000,48000000,2017-10-26,0.19,1.02,258341851,2908000000,2314000000,0.18580032547649433,594000000
2017-12-31,10602000000,9553000000,2018-02-02,1.14,0.87,278257245,3258000000,2050000000,34.33154094514233,1208000000
2018-03-31,10657000000,168000000,2018-04-27,0.7,0.52,241420722,2699000000,2748000000,0.695880612932638,-49000000
2018-06-30,10854000000,273000000,2018-07-31,1.15,0.99,237073566,3096000000,2292000000,1.151541289930232,804000000
2018-09-30,10892000000,493000000,2018-10-26,1.36,1.04,233607414,2804000000,2272000000,2.1103782262663975,532000000
2018-12-31,11231000000,296000000,2019-01-31,1.29,1.51,230131933,3168000000,2283000000,1.2862187187207956,885000000
2019-03-31,11206000000,253000000,2019-04-30,1.11,1.42,227595365,2686000000,2041000000,1.1116219348315814,645000000
2019-06-30,11347000000,314000000,2019-07-26,1.39,1.85,225942172,2761000000,1649000000,1.389736131243352,1112000000
2019-09-30,11450000000,387000000,2019-10-25,1.74,1.67,222355867,2943000000,1672000000,1.740453288781447,1271000000
2019-12-31,11761000000,714000000,2020-01-31,3.28,2.49,217778099,3358000000,1778000000,3.278566592685704,1580000000
2020-03-31,11738000000,396000000,2020-05-01,1.86,2.73,212810613,3220000000,1849000000,1.860809451265478,1371000000
2020-06-30,11696000000,766000000,2020-07-31,3.63,2.44,210906946,3529000000,1663000000,3.631933487861514,1866000000
2020-09-30,12039000000,814000000,2020-10-30,3.9,3.03,208722129,3664000000,1910000000,3.899921890888723,1754000000
2020-12-31,12624000000,1246000000,2021-01-29,6.05,4.89,212077917,4149000000,2441000000,5.875199160881989,1708000000
2021-03-31,12522000000,807000000,2021-04-30,4.11,4.26,205872536,3751000000,1896000000,3.9199011955630643,1855000000
2021-06-30,12802000000,1020000000,2021-07-30,5.29,4.78,199077390,3999000000,1931000000,5.12363558714528,2068000000
2021-09-30,13146000000,1217000000,2021-10-29,6.5,5.71,187166071,4263000000,1787000000,6.502246873579987,2476000000
2021-12-31,13212000000,1610000000,2022-01-28,8.93,6.89,180417622,4226000000,1941000000,8.923740276324006,2285000000
2022-03-31,13200000000,1203000000,2022-04-29,6.9,6.47,174500472,3647000000,1847000000,6.893964160738775,1800000000
2022-06-30,13598000000,1471000000,2022-07-29,8.8,6.89,167090925,3734000000,2075000000,8.803590021420971,1659000000
2022-09-30,13550000000,1185000000,2022-10-28,7.38,8.23,160638186,3757000000,2250000000,7.376826329450707,1507000000
2022-12-31,13674000000,1196000000,2023-01-27,7.69,8.79,155554890,3787000000,2651000000,7.688604324814218,1136000000
2023-03-31,13653000000,1021000000,2023-04-28,6.65,7.48,153538359,3323000000,2659000000,6.649804040174742,664000000
2023-06-30,13659000000,1223000000,2023-07-28,8.05,7.96,151975698,3311000000,2643000000,8.047339252885024,668000000
2023-09-30,13584000000,1255000000,2023-10-27,8.25,7.94,152019000,3944000000,2847000000,8.255547003992922,1097000000
2023-12-31,13711000000,1058000000,2024-02-02,7.07,8.73,149651000,3855000000,2794000000,7.069782360291612,1061000000
2024-03-31,13679000000,1106000000,2024-04-26,7.55,7.92,146643000,3212000000,2791000000,7.5421261158050505,421000000
2024-06-30,13685000000,1231000000,2024-07-26,8.49,7.98,144915000,3853000000,2853000000,8.494634785908982,1000000000
2024-09-30,13795000000,1280000000,2024-11-01,8.82,8.49,145059000,3905000000,2563000000,8.823995753452044,1342000000
2024-12-31,13926000000,1466000000,2025-01-31,10.1,9.22,145364000,3460000000,3062000000,10.085027929886355,398000000
2025-03-31,13735000000,1217000000,2025-04-25,8.42,8.37,144575000,4236000000,2399000000,8.417776240705516,1837000000
2025-06-30,13766000000,1301000000,2025-07-25,9.18,9.66,141684000,3600000000,2874000000,9.182405917393636,726000000
2025-09-30,13672000000,1137000000,2025-10-31,8.34,9.42,136395000,4480000000,3051000000,8.336082700978775,1429000000
