fiscalDateEnding,totalRevenue,netIncome,reportedDate,reportedEPS,estimatedEPS,commonStockSharesOutstanding,operatingCashflow,capitalExpenditures,eps_computed_simple,freeCashFlow
2005-09-30,14870000,2036000,2005-10-27,0.14,0.17,14145690,1499000,688000,0.14393076619097406,811000
2005-12-31,14434000,1932000,2006-01-31,0.14,0.12,14107000,2423000,465000,0.1369532856028922,1958000
2006-03-31,10366000,-1067000,2006-04-27,-0.08,0.03,14107000,1663000,316000,-0.0756362089742681,1347000
2006-06-30,13927000,1372000,2006-07-31,0.1,0.09,14021000,2754000,587000,0.09785322016974538,2167000
2006-09-30,14639000,1302000,2006-10-26,0.1,0.11,14689000,-3042000,625000,0.08863775614405338,-3667000
2006-12-31,15026000,2291000,2007-01-25,0.16,0.09,14606000,4172000,690000,0.15685334793920308,3482000
2007-03-31,14862000,1309000,2007-04-26,0.09,0.06,14686000,-391000,127000,0.08913250714966635,-518000
2007-06-30,14121000,1017000,2007-07-26,0.07,0.06,13963000,-52000,350000,0.07283535056936188,-402000
2007-09-30,13847000,998000,2007-10-26,0.1,0.11,13939000,-635000,332000,0.07159767558648397,-967000
2007-12-31,13671000,532000,2008-02-01,0.0393,,13145000,2964000,164000,0.040471662228984406,2800000
2008-03-31,13226000,1217000,2008-04-24,0.0925,,13164000,-1769000,369000,0.0924491036159222,-2138000
2008-06-30,13346000,1408000,2008-07-25,0.1076,,13084000,3115000,1273000,0.10761235096300825,1842000
2008-09-30,12736000,1518000,2008-10-24,0.1167,,13004000,2476000,844000,0.11673331282682252,1632000
2008-12-31,13230000,1699000,2009-02-02,0.1307,,12991000,-4526000,372000,0.1307828496651528,-4898000
2009-03-31,13326000,799000,2009-04-27,0.0516,,12993000,4858000,201000,0.061494650965904715,4657000
2009-06-30,15257000,1201000,2009-07-31,0.081,,12997000,14847000,440000,0.09240593983226898,14407000
2009-09-30,13802000,1535000,2009-10-29,0.1067,,13005000,-9387000,56000,0.11803152633602461,-9443000
2009-12-31,12631000,1038000,2010-01-29,0.0616,,14575000,-6696000,45000,0.07121783876500858,-6741000
2010-03-31,14613000,281000,2010-05-03,0.0093,,14580000,6227000,59000,0.019272976680384087,6168000
2010-06-30,14675000,2014000,2010-07-29,0.1282,,14576000,3622000,112000,0.13817233809001098,3510000
2010-09-30,14170000,2139000,2010-10-28,0.136,,14649000,4476000,95000,0.14601679295515052,4381000
2010-12-31,12823000,2570000,2011-01-28,0.15,0.15,16290000,3322000,34000,0.15776550030693678,3288000
2011-03-31,14559000,3018000,2011-04-27,0.18,0.17,16301000,4793000,35000,0.18514201582724987,4758000
2011-06-30,14752000,3584000,2011-07-28,0.18,0.16,16316000,3051000,58000,0.21966168178475118,2993000
2011-09-30,15202000,3702000,2011-10-27,0.22,0.19,16313000,7235000,37000,0.2269355728560044,7198000
2011-12-31,15129000,3622000,2012-01-26,0.2,0.2,16332000,3005000,186000,0.22177320597599803,2819000
2012-03-31,15350000,4231000,2012-04-26,0.25,0.23,16338000,5121000,136000,0.25896682580487207,4985000
2012-06-30,15100000,4353000,2012-07-26,0.26,0.25,16342000,3497000,152000,0.2663688654999388,3345000
2012-09-30,15854000,4454000,2012-10-25,0.27,0.24,16363000,5749000,308000,0.2721994744240054,5441000
2012-12-31,15279000,4469000,2013-01-25,0.27,0.27,16363698,6699000,246000,0.2731045268618377,6453000
2013-03-31,15949000,4924000,2013-04-25,0.3,0.27,16373588,8168000,182000,0.3007282215724495,7986000
2013-06-30,15686000,4923000,2013-07-25,0.3,0.27,16375774,1977000,122000,0.3006270115843074,1855000
2013-09-30,16084000,5094000,2013-10-24,0.31,0.28,16385155,7623000,231000,0.3108911694762729,7392000
2013-12-31,16400000,4984000,2014-01-21,0.3,0.3,16396931,5385000,438000,0.30395932019229693,4947000
2014-03-31,16858000,4398000,2014-04-24,0.31,0.29,16405540,6127000,350000,0.2680801729171975,5777000
2014-06-30,16125000,4378000,2014-07-25,0.31,0.52,16430376,4266000,397000,0.26645768788249274,3869000
2014-09-30,33516000,1766000,2014-10-24,0.27,0.31,30108103,6000,1452000,0.05865530618119647,-1446000
2014-12-31,35206000,8023000,2015-01-28,0.32,0.35,30149244,15616000,162000,0.26610949183336075,15454000
2015-03-31,34925000,10379000,2015-04-24,0.32,0.37,30149469,8017000,478000,0.3442515024062281,7539000
2015-06-30,35393000,10521000,2015-07-24,0.34,0.36,30231000,10946000,1204000,0.3480202441202739,9742000
2015-09-30,40005000,10842000,2015-10-23,0.34,0.37,30335571,12587000,831000,0.35740220614274903,11756000
2015-12-31,39593000,9568000,2016-01-27,0.39,0.37,30310905,16097000,1399000,0.3156619705020355,14698000
2016-03-31,39728000,10391000,2016-04-26,0.36,0.34,30246000,7335000,941000,0.3435495602724327,6394000
2016-06-30,41608000,10859000,2016-07-22,0.38,0.35,30372000,17119000,438000,0.35753325431318317,16681000
2016-09-30,46754000,11856000,2016-10-25,0.4,0.35,30359000,12166000,390000,0.39052669719028954,11776000
2016-12-31,43071000,-2024000,2017-01-26,-0.07,-0.1,30729359,13092000,933000,-0.06586535046175222,12159000
2017-03-31,44086000,11880000,2017-04-27,0.33,0.38,32193000,24816000,936000,0.36902432205759017,23880000
2017-06-30,45113000,7683000,2017-07-27,0.42,0.38,32256000,23225000,126000,0.23818824404761904,23099000
2017-09-30,48094000,13077000,2017-10-26,0.46,0.36,32182000,20270000,1086000,0.40634516189174075,19184000
2017-12-31,52235000,10580000,2018-01-25,0.51,0.43,32060606,62822000,513000,0.3300000006238185,62309000
2018-03-31,51762000,4251000,2018-04-26,0.53,0.53,32296000,20233000,139000,0.13162620757988605,20094000
2018-06-30,54425000,17527000,2018-07-26,0.54,0.53,32321000,34066000,94000,0.5422790136443798,33972000
2018-09-30,56623000,19902000,2018-10-25,0.57,0.56,32319000,13036000,1396000,0.6157987561496333,11640000
2018-12-31,58738000,18672000,2019-01-24,0.59,0.55,32378739,21725000,422000,0.5766747123783913,21303000
2019-03-31,66947000,11635000,2019-04-25,0.49,0.52,35319000,12999000,257000,0.3294260879413347,12742000
2019-06-30,69820000,19281000,2019-07-25,0.57,0.58,35395000,22268000,392000,0.5447379573386072,21876000
2019-09-30,72498000,21696000,2019-10-24,0.6,0.57,35263000,28087000,687000,0.6152624563990585,27400000
2019-12-31,70254000,20783000,2020-01-23,0.61,0.63,35245285,-2666000,191000,0.5896675257413864,-2857000
2020-03-31,79568000,6030000,2020-04-30,0.35,0.41,39516000,46461000,1728000,0.15259641664136045,44733000
2020-06-30,83298000,14832000,2020-07-30,0.54,0.39,40086000,29279000,873000,0.3700044903457566,28406000
2020-09-30,80704000,24786000,2020-10-29,0.63,0.56,39654000,24188000,39000,0.6250567408079891,24149000
2020-12-31,79030000,25641000,2021-01-28,0.65,0.54,40064000,-18631000,1305000,0.6400009984025559,-19936000
2021-03-31,75373000,32999000,2021-04-29,0.83,0.65,39789000,80131000,67000,0.8293498203020936,80064000
2021-06-30,77523000,32219000,2021-07-29,0.81,0.7,39873000,39342000,474000,0.8080405286785544,38868000
2021-09-30,81042000,32097000,2021-10-28,0.8,0.72,39869000,35171000,1932000,0.8050615766635733,33239000
2021-12-31,82817000,33038000,2022-01-27,0.79,0.75,41820000,47629000,310000,0.7900047824007652,47319000
2022-03-31,81995000,31381000,2022-04-28,0.75,0.74,39727000,45844000,718000,0.7899161779142648,45126000
2022-06-30,88715000,32358000,2022-07-28,0.8,0.75,39466000,25123000,558000,0.8198956063447018,24565000
2022-09-30,100302000,28915000,2022-10-27,0.7,0.78,39339000,23979000,1077000,0.7350212257556115,22902000
2022-12-31,115977000,32557000,2023-01-26,0.79,0.83,39378000,81831000,948000,0.8267814515719437,80883000
2023-03-31,118889000,24929000,2023-04-27,0.59,0.65,39301000,16374000,2867000,0.634309559553192,13507000
2023-06-30,124763000,21394000,2023-07-27,0.51,0.48,39017000,21264000,613000,0.5483250890637414,20651000
2023-09-30,127248000,21407000,2023-10-26,0.51,0.5,38829000,26923000,470000,0.5513147389837493,26453000
2023-12-31,133166000,19273000,2024-01-25,0.46,0.46,38651000,28330000,3483000,0.4986416910299863,24847000
2024-03-31,133455000,17205000,2024-04-25,0.41,0.42,38512000,20522000,138000,0.4467438720398837,20384000
2024-06-30,134406000,19056000,2024-07-25,0.46,0.41,38449000,22297000,125000,0.495617571328253,22172000
2024-09-30,134979000,17161000,2024-10-24,0.42,0.44,38525000,-14358000,1273000,0.4454510058403634,-15631000
2024-12-31,131777000,20371000,2025-01-30,0.52,0.43,38525000,32239000,2257000,0.5287735236859182,29982000
2025-03-31,129240000,20242000,2025-04-24,0.51,0.46,38511000,14891000,263000,0.5256160577497339,14628000
2025-06-30,151215000,-20293000,2025-07-29,0.55,0.59,42174000,6457000,68000,-0.48117323469436146,6389000
2025-09-30,207118000,40976000,2025-10-30,0.7,0.67,42174000,37350000,3456000,0.9715938730023237,33894000
