fiscalDateEnding,totalRevenue,netIncome,reportedDate,reportedEPS,estimatedEPS,commonStockSharesOutstanding,operatingCashflow,capitalExpenditures,eps_computed_simple,freeCashFlow
2005-09-30,371124000,1924000,2005-10-27,0.1,0.09,25271000,-12916000,2838000,0.07613469985358712,-15754000
2005-12-31,398612000,11000,2006-01-26,0.03,0.07,25259000,-959000,1512000,0.0004354883407894216,-2471000
2006-03-31,380478000,1706000,2006-04-27,0.09,0.06,25299000,5018000,1579000,0.0674334953950749,3439000
2006-06-30,408094000,3111000,2006-07-27,0.13,0.09,25396000,403000,3068000,0.12249960623720271,-2665000
2006-09-30,415213000,4388000,2006-10-26,0.2,0.14,25667000,13559000,1754000,0.17095881871664004,11805000
2006-12-31,431866000,4571000,2007-01-25,0.17,0.14,26680000,7382000,1580000,0.17132683658170914,5802000
2007-03-31,398180000,3385000,2007-04-26,0.13,0.13,27005000,5940000,1474000,0.12534715793371598,4466000
2007-06-30,441122000,5753000,2007-07-26,0.21,0.19,26995000,-5503000,1677000,0.21311353954436008,-7180000
2007-09-30,456470000,7685000,2007-10-25,0.28,0.23,27017000,8478000,2033000,0.28445053114705554,6445000
2007-12-31,489607000,6172000,2008-01-31,0.24,0.24,26860000,-8482000,1882000,0.22978406552494415,-10364000
2008-03-31,423724000,4774000,2008-05-01,0.18,0.14,26974000,10710000,2926000,0.17698524505078964,7784000
2008-06-30,449399000,5087000,2008-07-31,0.19,0.23,26930000,22913000,2539000,0.1888971407352395,20374000
2008-09-30,441444000,3214000,2008-10-30,0.15,0.15,26892000,9319000,3243000,0.11951509742674402,6076000
2008-12-31,439113000,-2709000,2009-02-05,0.1,0.15,26819000,2213000,1662000,-0.10101047764644469,551000
2009-03-31,326221000,-1619000,2009-04-30,-0.04,-0.03,26819000,23075000,1888000,-0.06036764980051456,21187000
2009-06-30,377262000,-6459000,2009-07-30,0.04,0.05,26819000,1981000,2481000,-0.24083672023565383,-500000
2009-09-30,403052000,2889000,2009-10-29,0.11,0.07,27095000,-693000,643000,0.1066248385310943,-1336000
2009-12-31,463121000,3967000,2010-02-04,0.15,0.1,27157000,-18653000,557000,0.14607651802481864,-19210000
2010-03-31,408262000,2434000,2010-04-29,0.09,0.03,27193000,13746000,692000,0.08950832934946494,13054000
2010-06-30,477546000,5023000,2010-07-28,0.18,0.12,27156000,-7200000,688000,0.18496833112387687,-7888000
2010-09-30,532827000,8626000,2010-11-02,0.32,0.31,26977000,-5656000,1770000,0.31975386440300996,-7426000
2010-12-31,555563000,6878000,2011-02-02,0.26,0.24,26901000,-1752000,4037000,0.2556782275751831,-5789000
2011-03-31,461926000,4494000,2011-05-05,0.17,0.12,26986000,29129000,5865000,0.16653079374490476,23264000
2011-06-30,512561000,7480000,2011-08-04,0.28,0.25,26923000,3747000,5450000,0.2778293652267578,-1703000
2011-09-30,575646000,9386000,2011-11-03,0.35,0.27,26692000,-10506000,2363000,0.35164094110594935,-12869000
2011-12-31,553162000,7427000,2012-02-02,0.28,0.36,26439000,-27662000,2372000,0.2809107757479481,-30034000
2012-03-31,498763000,5475000,2012-05-03,0.23,0.21,26586000,55161000,2823000,0.20593545475062064,52338000
2012-06-30,542569000,8826000,2012-08-02,0.33,0.32,26519000,16866000,2357000,0.3328179795618236,14509000
2012-09-30,561294000,9901000,2012-11-01,0.37,0.35,26660000,-8346000,1830000,0.37138034508627155,-10176000
2012-12-31,556247000,8869000,2013-01-31,0.33,0.3,26598000,5978000,2240000,0.3334461237687044,3738000
2013-03-31,505423000,6098000,2013-05-02,0.23,0.22,26272000,19031000,1745000,0.23211023142509135,17286000
2013-06-30,557287000,9154000,2013-08-01,0.35,0.34,26379000,7944000,2512000,0.3470184616551044,5432000
2013-09-30,580356000,10589000,2013-10-24,0.4,0.38,26399000,14432000,686000,0.4011136785484299,13746000
2013-12-31,578572000,9841000,2014-01-30,0.37,0.36,26453000,-21751000,2664000,0.3720182966015197,-24415000
2014-03-31,559760000,7131000,2014-05-01,0.27,0.25,26485000,23775000,1466000,0.26924674343968286,22309000
2014-06-30,633244000,11429000,2014-07-31,0.43,0.39,26487000,-2926000,2027000,0.4314946955110054,-4953000
2014-09-30,639570000,12177000,2014-10-23,0.46,0.42,26524000,8034000,2029000,0.4590936510330267,6005000
2014-12-31,630765000,11944000,2015-01-29,0.45,0.41,26554000,6515000,2087000,0.44980040671838517,4428000
2015-03-31,581259000,8584000,2015-04-30,0.32,0.28,26593000,21215000,2278000,0.3227917121046892,18937000
2015-06-30,627622000,11629000,2015-07-30,0.44,0.44,26616000,-4741000,3474000,0.43691764352269313,-8215000
2015-09-30,680769000,13001000,2015-10-29,0.49,0.47,26622000,8831000,4317000,0.48835549545488693,4514000
2015-12-31,684323000,13613000,2016-01-28,0.51,0.45,26632000,5557000,2718000,0.5111519975968759,2839000
2016-03-31,572394000,9063000,2016-04-28,0.34,0.35,26671000,23469000,2078000,0.339807281316786,21391000
2016-06-30,676165000,12458000,2016-07-28,0.49,0.46,26691000,-6467000,3704000,0.4667490914540482,-10171000
2016-09-30,708485000,13593000,2016-10-27,0.51,0.54,26736000,22780000,2964000,0.5084156193895871,19816000
2016-12-31,735548000,12997000,2017-02-01,0.49,0.52,26697000,-6196000,3139000,0.4868337266359516,-9335000
2017-03-31,670594000,7432000,2017-04-20,0.28,0.31,26866000,25425000,1487000,0.27663217449564503,23938000
2017-06-30,749792000,13585000,2017-07-27,0.53,0.5,26893000,-35183000,3044000,0.5051500390436173,-38227000
2017-09-30,729230000,13117000,2017-10-26,0.49,0.49,26899000,38119000,3413000,0.4876389456857132,34706000
2017-12-31,762267000,20723000,2018-02-15,0.54,0.53,26907000,-9041000,3859000,0.77017133088044,-12900000
2018-03-31,624895000,11300000,2018-05-03,0.42,0.36,26916000,37244000,5007000,0.4198246396195571,32237000
2018-06-30,706570000,18226000,2018-08-02,0.69,0.63,26820000,4274000,4920000,0.6795674869500373,-646000
2018-09-30,658504000,13766000,2018-11-01,0.51,0.5,26902000,39735000,5714000,0.5117091666047134,34021000
2018-12-31,709520000,21300000,2019-02-07,0.8,0.63,26766000,5586000,5597000,0.7957856982739296,-11000
2019-03-31,632921000,12727000,2019-05-02,0.48,0.45,26525000,18098000,6572000,0.4798114985862394,11526000
2019-06-30,741076000,23668000,2019-08-01,0.89,0.72,26494000,-14769000,7305000,0.8933343398505322,-22074000
2019-09-30,729410000,23750000,2019-10-30,0.9,0.57,26479000,36693000,6744000,0.8969371955134258,29949000
2019-12-31,716627000,21966000,2020-02-04,0.83,0.8,26523000,-3419000,5035000,0.8281868566904196,-8454000
2020-03-31,711850000,14896000,2020-04-29,0.56,0.53,26421000,44556000,4595000,0.5637939517807804,39961000
2020-06-30,550002000,7643000,2020-08-10,0.32,0.67,26279000,57855000,3619000,0.29084059515202254,54236000
2020-09-30,652752000,16930000,2020-11-09,0.64,0.66,26311000,-56012000,1397000,0.6434571091938733,-57409000
2020-12-31,675687000,16296000,2021-02-24,0.62,0.62,26328000,-10301000,1422000,0.6189608021877848,-11723000
2021-03-31,636892000,10184000,2021-05-06,0.39,0.43,26360000,5962000,2403000,0.3863429438543247,3559000
2021-06-30,704161000,17292000,2021-08-05,0.66,0.65,26359000,25858000,2208000,0.656018817102318,23650000
2021-09-30,751368000,20045000,2021-11-04,0.76,0.7,26368000,-22986000,2481000,0.7602017597087378,-25467000
2021-12-31,800174000,22385000,2022-02-07,0.85,0.7,26372000,48920000,3210000,0.8488169270438344,45710000
2022-03-31,788344000,21792000,2022-05-05,0.83,0.56,26405000,-38285000,2451000,0.8252982389698921,-40736000
2022-06-30,828509000,25398000,2022-08-04,0.96,0.76,26429000,29890000,2114000,0.9609898217866737,27776000
2022-09-30,775692000,23206000,2022-11-03,0.88,0.83,26455000,24084000,2410000,0.8771876771876772,21674000
2022-12-31,732451000,18823000,2023-02-09,0.71,0.74,26478000,19200000,2102000,0.7108920613339376,17098000
2023-03-31,727545000,14198000,2023-05-04,0.54,0.65,26436000,19505000,1882000,0.537070661219549,17623000
2023-06-30,733547000,19697000,2023-08-02,0.75,0.69,26365000,115940000,2978000,0.7470889436753272,112962000
2023-09-30,693086000,25598000,2023-11-01,0.97,0.81,26434000,50220000,2495000,0.9683740637058333,47725000
2023-12-31,696466000,23778000,2024-02-14,0.9,0.88,26488000,12289000,2240000,0.8976895197825431,10049000
2024-03-31,632025000,13154000,2024-05-01,0.5,0.64,26525000,57285000,1608000,0.49590951932139493,55677000
2024-06-30,736479000,26161000,2024-07-31,0.99,0.83,26520000,38391000,1819000,0.9864630467571645,36572000
2024-09-30,724717000,27059000,2024-10-30,0.97,1.0,26501000,52944000,1788000,1.0210558092147466,51156000
2024-12-31,708897000,20721000,2025-02-05,0.78,0.9,26484000,25248000,2360000,0.7823969188944269,22888000
2025-03-31,701046000,13481000,2025-04-30,0.6,0.42,26218000,-52387000,1711000,0.5141887253032268,-54098000
2025-06-30,759693000,24789000,2025-07-30,0.97,0.91,25520000,26258000,1620000,0.9713557993730407,24638000
2025-09-30,709068000,24740000,2025-10-29,0.97,1.0,25489000,64149000,1870000,0.9706147750009808,62279000
