fiscalDateEnding,totalRevenue,netIncome,reportedDate,reportedEPS,estimatedEPS,commonStockSharesOutstanding,operatingCashflow,capitalExpenditures,eps_computed_simple,freeCashFlow
2005-10-31,220811000,6370000,2005-12-12,0.83,0.85,44497000,64619000,41236000,0.1431557183630357,23383000
2006-01-31,205739000,17954000,2006-03-07,0.49,0.64,47614000,33054000,45960000,0.3770739698408031,-12906000
2006-04-30,211397000,13701000,2006-06-06,0.61,0.7,47577000,45398000,39607000,0.2879752821741598,5791000
2006-07-31,225798000,20977000,2006-09-07,0.74,0.74,47482000,40657000,43217000,0.4417884672086264,-2560000
2006-10-31,216026000,13602000,2006-12-12,0.61,0.79,44568000,43607000,26080000,0.3051965535810447,17527000
2007-01-31,219420000,5348000,2007-03-08,0.48,0.52,47574000,761000,50043000,0.11241434396939505,-49282000
2007-04-30,225535000,-527000,2007-06-05,0.41,0.6,44645000,47673000,40047000,-0.011804233396796954,7626000
2007-07-31,251862000,8180000,2007-09-06,0.69,0.7,47785000,47428000,38598000,0.17118342576122214,8830000
2007-10-31,253824000,-24193000,2007-12-11,0.54,0.68,44941000,38122000,54937000,-0.5383280300838877,-16815000
2008-01-31,245033000,6877000,2008-03-06,0.45,0.45,45129000,-5592000,42728000,0.15238538412107513,-48320000
2008-04-30,263451000,11241000,2008-06-05,0.49,0.49,47740000,17084000,34146000,0.2354629241726016,-17062000
2008-07-31,285884000,17879000,2008-09-04,0.67,0.65,46934000,44029000,25408000,0.3809391912046704,18621000
2008-10-31,268809000,29479000,2008-12-09,0.65,0.57,45166742,41007000,22603000,0.6526704981289109,18404000
2009-01-31,251142000,23873000,2009-03-05,0.53,0.39,45141000,24904000,34095000,0.5288540351343568,-9191000
2009-04-30,260594000,24649000,2009-06-04,0.54,0.49,45523000,43835000,19966000,0.5414625573885729,23869000
2009-07-31,285230000,21908000,2009-09-03,0.54,0.61,45694000,75913000,19881000,0.4794502560511227,56032000
2009-10-31,283455000,30118000,2009-12-08,0.67,0.67,45413000,78476000,19964000,0.6632021667804373,58512000
2010-01-31,260258000,20423000,2010-03-04,0.49,0.52,46123000,56142000,12911000,0.4427942675021139,43231000
2010-04-30,289271000,4456000,2010-06-03,0.61,0.61,46367000,71618000,11208000,0.09610283175534325,60410000
2010-07-31,295635000,39727000,2010-09-02,0.91,0.71,46402000,75293000,16869000,0.8561484418775053,58424000
2010-10-31,313352000,48198000,2010-12-07,1.09,0.87,46191000,64610000,32769000,1.043450022731701,31841000
2011-01-31,293229000,45295000,2011-03-03,0.85,0.67,47391000,72931000,28785000,0.9557721930324323,44146000
2011-04-30,325301000,35360000,2011-06-02,1.02,0.93,48239000,64891000,23231000,0.7330168535832003,41660000
2011-07-31,351396000,38137000,2011-08-31,1.15,1.08,49009000,87469000,19140000,0.7781631945152931,68329000
2011-10-31,360909000,56638000,2011-12-08,1.46,1.21,47355596,110990000,32509000,1.1960149334832573,78481000
2012-01-31,326060000,54623000,2012-03-08,1.12,1.04,48792000,41550000,19953000,1.1195072962780783,21597000
2012-04-30,344589000,54921000,2012-06-07,1.12,1.2,49007000,80641000,23104000,1.1206766380313016,57537000
2012-07-31,378186000,66875000,2012-09-06,1.45,1.29,49302000,78113000,24084000,1.3564358443876516,54029000
2012-10-31,396301000,71920000,2012-12-06,1.47,1.55,49386000,114817000,32638000,1.456283157170048,82179000
2013-01-31,379839000,74667000,2013-03-07,1.23,1.19,49633000,47623000,29315000,1.5043821650917737,18308000
2013-04-30,384041000,75136000,2013-06-06,1.5,1.39,49478000,114903000,38175000,1.5185739116374954,76728000
2013-07-31,411993000,88951000,2013-09-05,1.74,1.71,49754000,103058000,38572000,1.7878160549905535,64486000
2013-10-31,411852000,57396000,2013-12-05,1.48,1.8,49723000,150341000,72065000,1.1543149045713252,78276000
2014-01-31,404980000,71843000,2014-03-06,1.47,1.46,49006000,68574000,60979000,1.4660041627555809,7595000
2014-04-30,412317000,79160000,2014-06-05,1.64,1.6,48754000,126332000,61197000,1.6236616482750132,65135000
2014-07-31,432482000,88067000,2014-09-04,1.9,1.9,48922000,107861000,55760000,1.800151261191284,52101000
2014-10-31,467997000,30787000,2014-12-04,1.95,2.03,49126000,152056000,60129000,0.6266946219924276,91927000
2015-01-31,445171000,61179000,2015-03-05,1.75,1.54,49082000,79841000,64995000,1.2464650992217106,14846000
2015-04-30,434676000,60713000,2015-06-04,1.72,1.76,49163000,110640000,53370000,1.2349327746476009,57270000
2015-07-31,461678000,44951000,2015-09-03,1.97,1.95,49244000,95968000,66348000,0.912821866623345,29620000
2015-10-31,455536000,36679000,2015-12-03,2.0,2.11,49177000,104521000,58310000,0.7458568029770014,46211000
2016-01-31,449641000,51356000,2016-03-03,1.83,1.58,48800000,89539000,45156000,1.052377049180328,44383000
2016-04-30,483793000,74125000,2016-06-02,2.05,1.91,48900000,97848000,41176000,1.5158486707566463,56672000
2016-07-31,514726000,87928000,2016-09-01,2.3,2.28,49000000,128886000,31046000,1.7944489795918368,97840000
2016-10-31,518654000,60508000,2016-12-08,2.28,2.24,49281000,193364000,35262000,1.2278159939936284,158102000
2017-01-31,499100000,75800000,2017-03-02,1.93,1.87,49400000,108400000,28700000,1.534412955465587,79700000
2017-04-30,522400000,104900000,2017-06-01,2.5,2.24,49500000,131699999,28599999,2.1191919191919193,103100000
2017-07-31,556000000,103600000,2017-08-31,2.64,2.58,49600000,154500000,38100000,2.088709677419355,116400000
2017-10-31,561500000,88600000,2017-12-07,2.65,2.64,49700000,199000000,31800000,1.7826961770623742,167200000
2018-01-31,590000000,-122500000,2018-03-08,2.79,2.51,48900000,26200000,51400000,-2.505112474437628,-25200000
2018-04-30,631300000,60900000,2018-06-07,2.86,2.84,49600000,170900000,46500000,1.2278225806451613,124400000
2018-07-31,660000000,100800000,2018-08-30,3.0,3.07,49700000,235200000,52300000,2.028169014084507,182900000
2018-10-31,651500000,100600000,2018-12-06,2.87,2.96,49900000,236600000,43400000,2.0160320641282565,193200000
2019-01-31,628100000,103200000,2019-03-05,2.88,2.5,49900000,101800000,79200000,2.06813627254509,22600000
2019-04-30,654300000,122400000,2019-05-30,2.94,2.76,50000000,214800000,52700000,2.448,162100000
2019-07-31,679400000,120100000,2019-08-29,3.23,3.18,50100000,196700000,75400000,2.3972055888223553,121300000
2019-10-31,691600000,121000000,2019-12-05,3.3,3.27,50000000,199900000,84800000,2.42,115100000
2020-01-31,646200000,90500000,2020-03-05,2.69,2.71,49700000,129699999,68999999,1.8209255533199196,60700000
2020-04-30,524900000,11500000,2020-06-04,1.51,2.36,49600000,25800000,89300000,0.2318548387096774,-63500000
2020-07-31,578200000,55200000,2020-09-03,2.28,1.52,49500000,112800000,45100000,1.1151515151515152,67700000
2020-10-31,681600000,81200000,2020-12-03,3.16,3.09,49600000,218300000,107000000,1.6370967741935485,111300000
2021-01-31,680500000,2101100000,2021-03-04,3.17,2.78,49700000,147700000,55900000,42.27565392354125,91800000
2021-04-30,719500000,117500000,2021-06-03,3.38,3.09,49700000,192600000,49900000,2.3641851106639837,142700000
2021-07-31,763400000,615800000,2021-09-02,3.41,3.29,49800000,223800000,43600000,12.365461847389557,180200000
2021-10-31,759100000,110300000,2021-12-02,3.28,3.37,49900000,174500000,65000000,2.2104208416833666,109500000
2022-01-31,787200000,95300000,2022-03-03,3.24,3.11,49900000,166000000,57100000,1.9098196392785571,108900000
2022-04-30,829800000,126600000,2022-06-02,3.24,3.43,49700000,131800000,43400000,2.5472837022132797,88400000
2022-07-31,843400000,98400000,2022-08-31,3.19,3.22,49600000,263899999,46599999,1.9838709677419355,217300000
2022-10-31,848100000,65600000,2022-12-08,2.75,3.11,198400000,130699999,94899999,0.33064516129032256,35800000
2023-01-31,858500000,84600000,2023-03-02,2.9,2.7,198800000,166600000,83000000,0.4255533199195171,83600000
2023-04-30,877400000,39800000,2023-06-01,3.08,3.03,199200000,124200000,73600000,0.19979919678714858,50600000
2023-07-31,930200000,85300000,2023-08-30,3.35,3.34,199600000,142500000,90900000,0.4273547094188377,51600000
2023-10-31,927100000,84500000,2023-12-07,3.47,3.48,199600000,174200000,145000000,0.42334669338677355,29200000
2024-01-31,931600000,81200000,2024-02-29,0.85,0.78,199900000,122700000,118100000,0.4062031015507754,4600000
2024-04-30,942600000,88900000,2024-05-30,0.85,0.83,200500000,111000000,74100000,0.4433915211970075,36900000
2024-07-31,1002800000,104700000,2024-08-28,0.96,0.91,200600000,207500000,89000000,0.5219341974077767,118500000
2024-10-31,1018400000,117500000,2024-12-05,1.04,1.0,201100000,268100000,140000000,0.5842864246643461,128100000
2025-01-31,964700000,104300000,2025-03-06,0.92,0.91,201200000,190600000,89400000,0.518389662027833,101200000
2025-04-30,1002300000,87700000,2025-05-29,0.96,0.93,200700000,96200000,78100000,0.4369706028898854,18100000
2025-07-31,1060300000,98300000,2025-08-27,1.1,1.07,200600000,261399999,96899999,0.4900299102691924,164500000
2025-10-31,1065200000,84600000,2025-12-04,1.15,1.11,198100000,247900000,98000000,0.4270570418980313,149900000
