fiscalDateEnding,totalRevenue,netIncome,reportedDate,reportedEPS,estimatedEPS,commonStockSharesOutstanding,operatingCashflow,capitalExpenditures,eps_computed_simple,freeCashFlow
2005-10-31,2002000000,302000000,2005-11-21,0.58,0.56,414000000,113000000,38000000,0.7294685990338164,75000000
2006-01-31,2159000000,254000000,2006-02-17,0.61,0.59,414000000,536000000,47000000,0.6135265700483091,489000000
2006-04-30,1728000000,166000000,2006-05-22,0.4,0.35,413000000,328000000,61000000,0.4019370460048426,267000000
2006-07-31,1116000000,44000000,2006-09-11,0.23,0.22,414000000,249000000,163000000,0.10628019323671498,86000000
2006-10-31,2153000000,291000000,2006-11-20,0.66,0.61,405000000,-88000000,46000000,0.7185185185185186,-134000000
2007-01-31,2064000000,285000000,2007-02-16,0.68,0.63,395000000,416000000,75000000,0.7215189873417721,341000000
2007-04-30,1750000000,217000000,2007-05-21,0.45,0.41,395000000,295000000,66000000,0.549367088607595,229000000
2007-07-31,1594000000,61000000,2007-09-06,0.14,0.18,396000000,51000000,147000000,0.15404040404040403,-96000000
2007-10-31,2185000000,270000000,2007-11-19,0.7,0.71,388000000,74000000,40000000,0.6958762886597938,34000000
2008-01-31,2218000000,274000000,2008-02-15,0.69,0.7,386000000,368000000,50000000,0.7098445595854922,318000000
2008-04-30,1880000000,532000000,2008-05-19,0.43,0.44,381000000,132000000,64000000,1.3963254593175853,68000000
2008-07-31,1715000000,89000000,2008-09-11,0.26,0.25,377000000,192000000,144000000,0.23607427055702918,48000000
2008-10-31,2250000000,260000000,2008-11-24,0.77,0.76,362000000,-15000000,35000000,0.7182320441988951,-50000000
2009-01-31,2122000000,233000000,2009-02-23,0.65,0.64,358000000,433000000,63000000,0.6508379888268156,370000000
2009-04-30,1686000000,174000000,2009-05-21,0.48,0.42,351000000,388000000,78000000,0.49572649572649574,310000000
2009-07-31,1528000000,69000000,2009-09-11,0.3,0.26,358000000,360000000,169000000,0.19273743016759776,191000000
2009-10-31,2203000000,304000000,2009-11-23,0.87,0.81,346000000,-36000000,44000000,0.8786127167630058,-80000000
2010-01-31,2153000000,259000000,2010-02-22,0.74,0.74,344000000,532000000,59000000,0.752906976744186,473000000
2010-04-30,1802000000,168000000,2010-05-24,0.54,0.51,342000000,363000000,74000000,0.49122807017543857,289000000
2010-07-31,1518000000,113000000,2010-09-03,0.33,0.3,343000000,198000000,138000000,0.3294460641399417,60000000
2010-10-31,2172000000,279000000,2010-11-23,0.82,0.83,338000000,-29000000,27000000,0.8254437869822485,-56000000
2011-01-31,2127000000,239000000,2011-02-18,0.71,0.71,332000000,512000000,47000000,0.7198795180722891,465000000
2011-04-30,1813000000,187000000,2011-05-23,0.57,0.52,323000000,375000000,59000000,0.5789473684210527,316000000
2011-07-31,1607000000,100000000,2011-09-02,0.43,0.38,329000000,284000000,139000000,0.303951367781155,145000000
2011-10-31,2161000000,265000000,2011-11-22,0.82,0.79,322000000,73000000,35000000,0.8229813664596274,38000000
2012-01-31,2112000000,205000000,2012-02-17,0.64,0.62,320000000,405000000,62000000,0.640625,343000000
2012-04-30,1821000000,177000000,2012-05-21,0.56,0.52,318000000,360000000,76000000,0.5566037735849056,284000000
2012-07-31,1613000000,127000000,2012-09-04,0.41,0.38,317000000,282000000,150000000,0.40063091482649843,132000000
2012-10-31,2205000000,245000000,2012-11-20,0.88,0.85,316000000,81000000,41000000,0.7753164556962026,40000000
2013-01-31,2162000000,190000000,2013-02-15,0.7,0.66,316000000,418000000,69000000,0.6012658227848101,349000000
2013-04-30,1962000000,181000000,2013-05-20,0.62,0.56,317000000,365000000,95000000,0.5709779179810726,270000000
2013-07-31,1289000000,-158000000,2013-08-29,0.45,0.42,317000000,155000000,131000000,-0.49842271293375395,24000000
2013-10-31,2165000000,172000000,2013-11-19,0.66,0.86,317000000,38000000,52000000,0.5425867507886435,-14000000
2014-01-31,2281000000,325000000,2014-02-14,0.76,0.73,316000000,325000000,75000000,1.0284810126582278,250000000
2014-04-30,1970000000,184000000,2014-05-19,0.62,0.59,316000000,400000000,71000000,0.5822784810126582,329000000
2014-07-31,1852000000,137000000,2014-09-08,0.49,0.49,316000000,136000000,149000000,0.43354430379746833,-13000000
2014-10-31,2255000000,248000000,2014-11-25,0.74,0.72,316000000,188000000,62000000,0.7848101265822784,126000000
2015-01-31,2234000000,222000000,2015-02-25,0.66,0.66,314000000,396000000,81000000,0.7070063694267515,315000000
2015-04-30,1900000000,179000000,2015-05-22,0.62,0.52,312000000,387000000,99000000,0.5737179487179487,288000000
2015-07-31,1693000000,68000000,2015-09-03,0.43,0.42,312000000,211000000,138000000,0.21794871794871795,73000000
2015-10-31,2203000000,194000000,2015-11-24,0.95,0.76,312000000,244000000,71000000,0.6217948717948718,173000000
2016-01-31,2201000000,265000000,2016-02-25,0.87,0.8,312000000,510000000,82000000,0.8493589743589743,428000000
2016-04-30,1870000000,185000000,2016-05-20,0.65,0.64,311000000,457000000,72000000,0.594855305466238,385000000
2016-07-31,1687000000,-81000000,2016-09-01,0.46,0.5,310000000,280000000,116000000,-0.26129032258064516,164000000
2016-10-31,2202000000,292000000,2016-11-22,1.0,0.95,310000000,221000000,48000000,0.9419354838709677,173000000
2017-01-31,2171000000,101000000,2017-02-17,0.91,0.88,309000000,446000000,71000000,0.3268608414239482,375000000
2017-04-30,1853000000,176000000,2017-05-19,0.59,0.64,306000000,344000000,76000000,0.5751633986928104,268000000
2017-07-31,1664000000,318000000,2017-08-31,0.52,0.55,305000000,280000000,143000000,1.042622950819672,137000000
2017-10-31,2161000000,275000000,2017-11-21,0.92,0.97,302000000,188000000,58000000,0.9105960264900662,130000000
2018-01-31,2180000000,285000000,2018-02-16,1.0,0.81,301000000,472000000,74000000,0.946843853820598,398000000
2018-04-30,1878000000,-393000000,2018-05-18,0.7,0.6,301000000,364000000,91000000,-1.3056478405315615,273000000
2018-07-31,2219000000,94000000,2018-08-30,0.25,0.24,302000000,281000000,184000000,0.31125827814569534,97000000
2018-10-31,2202000000,194000000,2018-11-20,0.79,0.7,302000000,231000000,111000000,0.6423841059602649,120000000
2019-01-31,2172000000,-59000000,2019-02-27,0.77,0.7,301000000,615000000,87000000,-0.19601328903654486,528000000
2019-04-30,1953000000,84000000,2019-06-05,0.56,0.47,302000000,302000000,76000000,0.2781456953642384,226000000
2019-07-31,978000000,-8000000,2019-08-30,0.5,0.41,301000000,250000000,110000000,-0.026578073089700997,140000000
2019-10-31,2183000000,166000000,2019-12-04,0.78,0.71,303000000,182000000,98000000,0.5478547854785478,84000000
2020-01-31,2162000000,1208000000,2020-03-04,0.72,0.66,304000000,481000000,69000000,3.973684210526316,412000000
2020-04-30,2238000000,168000000,2020-06-03,0.83,0.75,304000000,462000000,53000000,0.5526315789473685,409000000
2020-07-31,2108000000,86000000,2020-09-03,0.63,0.6,304000000,271000000,79000000,0.28289473684210525,192000000
2020-10-31,2340000000,309000000,2020-12-09,1.02,0.91,304000000,180000000,74000000,1.0164473684210527,106000000
2021-01-31,2279000000,245000000,2021-03-10,0.84,0.84,305000000,431000000,58000000,0.8032786885245902,373000000
2021-04-30,1984000000,160000000,2021-06-09,0.57,0.66,305000000,270000000,58000000,0.5245901639344263,212000000
2021-07-31,1873000000,288000000,2021-09-01,0.55,0.48,304000000,154000000,85000000,0.9473684210526315,69000000
2021-10-31,2236000000,261000000,2021-12-08,0.89,0.81,303000000,288000000,69000000,0.8613861386138614,219000000
2022-01-31,2209000000,212000000,2022-03-09,0.69,0.69,303000000,478000000,60000000,0.6996699669966997,418000000
2022-04-30,2130000000,188000000,2022-06-08,0.7,0.61,302000000,335000000,50000000,0.6225165562913907,285000000
2022-07-31,1987000000,96000000,2022-09-01,0.56,0.56,299000000,80000000,63000000,0.3210702341137124,17000000
2022-10-31,2575000000,297000000,2022-12-07,1.02,0.88,301000000,227000000,77000000,0.9867109634551495,150000000
2023-01-31,2485000000,232000000,2023-03-08,0.8,0.74,301000000,505000000,78000000,0.770764119601329,427000000
2023-04-30,2229000000,160000000,2023-06-07,0.68,0.64,301000000,186000000,102000000,0.53156146179402,84000000
2023-07-31,2068000000,169000000,2023-08-31,0.5,0.5,299000000,225000000,113000000,0.5652173913043478,112000000
2023-10-31,2518000000,234000000,2023-12-06,0.91,0.88,299000000,174000000,143000000,0.782608695652174,31000000
2024-01-31,2456000000,203000000,2024-03-06,0.8,0.77,299000000,510000000,120000000,0.6789297658862876,390000000
2024-04-30,2369000000,133000000,2024-06-05,0.75,0.7,300000000,213000000,113000000,0.44333333333333336,100000000
2024-07-31,2293000000,-3000000,2024-08-29,0.63,0.62,298000000,288000000,141000000,-0.010067114093959731,147000000
2024-10-31,2772000000,218000000,2024-12-03,0.89,0.87,301000000,225000000,110000000,0.7242524916943521,115000000
2025-01-31,2685000000,173000000,2025-03-05,0.74,0.7235,299000000,512000000,101000000,0.5785953177257525,411000000
2025-04-30,2475000000,66000000,2025-06-02,0.73,0.66,299000000,135000000,85000000,0.22073578595317725,50000000
2025-07-31,2321000000,145000000,2025-09-03,0.62,0.57,299000000,259000000,130000000,0.48494983277591974,129000000
2025-10-31,2677000000,194000000,2025-12-02,0.77,0.74,299000000,224000000,127000000,0.6488294314381271,97000000
