fiscalDateEnding,totalRevenue,netIncome,reportedDate,reportedEPS,estimatedEPS,commonStockSharesOutstanding,operatingCashflow,capitalExpenditures,eps_computed_simple,freeCashFlow
2005-09-30,35155121,-693774,2005-11-04,-0.08,-0.06,8777889,-5445491,7637302,-0.07903654284076729,-13082793
2005-12-31,74408990,4132668,2006-02-27,0.46,0.43,8856651,-4140747,14592455,0.46661746070834226,-18733202
2006-03-31,90950673,6096415,2006-05-05,0.67,0.72,9071977,19743844,6956380,0.6720051208242702,12787464
2006-06-30,44303752,1132509,2006-08-08,0.13,0.1,8945394,2649324,9290708,0.1266024727362484,-6641384
2006-09-30,35141530,-656579,2006-11-09,-0.07,-0.07,8959723,-3418721,12088181,-0.07328117175051059,-15506902
2006-12-31,60804636,3934179,2007-03-01,0.41,0.46,10058743,11142551,20510559,0.39112034177630345,-9368008
2007-03-31,93526891,7991088,2007-05-01,0.79,0.73,10230693,16921271,8357392,0.781089609472203,8563879
2007-06-30,52501920,1481791,2007-08-07,0.15,0.15,10274835,3696786,7612165,0.14421555187990853,-3915379
2007-09-30,41418718,-355898,2007-11-07,-0.03,-0.07,10131975,-926129,6908023,-0.03512622168925604,-7834152
2007-12-31,70838967,4080729,2008-03-05,0.4,0.4,10131975,5989956,8399810,0.4027575077909292,-2409854
2008-03-31,100273502,7574343,2008-05-05,0.73,0.82,10360686,7286997,4411890,0.7310657807793808,2875107
2008-06-30,69056959,1818924,2008-08-11,0.18,0.15,10380063,2355656,11028584,0.17523246246193303,-8672928
2008-09-30,49698013,-198298,2008-11-07,-0.02,-0.04,10226304,3780461,8283856,-0.019390974490881552,-4503395
2008-12-31,72415004,4412291,2009-03-09,0.43,0.42,10223829,15119275,7031515,0.43156932691264693,8087760
2009-03-31,104479000,8593000,2009-05-04,0.83,0.77,10414693,31036000,4132000,0.8250843303782455,26904000
2009-06-30,40834000,806000,2009-08-06,0.08,0.19,10303075,15785000,7844000,0.07822907238858302,7941000
2009-09-30,31758000,308000,2009-11-05,0.03,-0.02,10332036,631000,7731000,0.029810194234708435,-7100000
2009-12-31,91714000,6191000,2010-03-05,0.47,0.43,14129898,-1643000,7314000,0.4381489519598797,-8957000
2010-03-31,153260000,13974000,2010-05-05,0.98,0.84,14286447,46409000,6466000,0.978129831720931,39943000
2010-06-30,80061000,3340000,2010-08-05,0.23,0.13,14336028,11299000,8194000,0.23297945567628633,3105000
2010-09-30,76466000,1628000,2010-11-04,0.11,0.01,14246544,-2062000,12815000,0.11427332832439924,-14877000
2010-12-31,117759000,7114000,2011-03-07,0.49,0.38,14303071,5359000,18226000,0.49737570344158955,-12867000
2011-03-31,146597000,13747000,2011-05-04,0.95,1.01,14450694,34270000,8355000,0.9513037920531706,25915000
2011-06-30,86831000,3520000,2011-08-04,0.25,0.27,14476330,25819000,12881000,0.24315555116524698,12938000
2011-09-30,80610000,2397000,2011-11-03,0.12,0.15,14486955,-7315000,12141000,0.16545920105363757,-19456000
2011-12-31,103988000,7958000,2012-03-07,0.55,0.5,14356905,18347000,14305000,0.554297740355599,4042000
2012-03-31,120914000,10727000,2012-05-02,0.74,0.94,14500327,34550000,14744000,0.7397764202145234,19806000
2012-06-30,83897000,5060000,2012-08-08,0.35,0.26,14522395,25963000,19590000,0.348427377164717,6373000
2012-09-30,78175000,3219000,2012-11-07,0.22,0.16,14514987,3583000,16648000,0.22177078077989323,-13065000
2012-12-31,109515000,9857000,2013-03-07,0.68,0.58,14402293,1776000,21025000,0.6844049069130866,-19249000
2013-03-31,140729000,14869000,2013-05-02,1.03,0.9,14518425,34968000,16217000,1.0241469029870665,18751000
2013-06-30,94146000,4356000,2013-08-09,0.3,0.38,14543205,19095000,25003000,0.29952132284458616,-5908000
2013-09-30,86545000,3879000,2013-11-07,0.27,0.25,14553501,12364000,27359000,0.2665338051648191,-14995000
2013-12-31,122887000,9683000,2014-03-06,0.67,0.66,14487646,6504000,28541000,0.6683625483394611,-22037000
2014-03-31,186337000,17681000,2014-05-06,1.21,1.04,14540151,45999000,18464000,1.2160121308231255,27535000
2014-06-30,100497000,5134000,2014-08-07,0.35,0.32,14606779,12223000,24289000,0.3514806378599964,-12066000
2014-09-30,91619000,3180000,2014-11-06,0.22,0.25,14616665,6138000,26228000,0.2175598879771822,-20090000
2014-12-31,120380000,10097000,2015-03-05,0.97,0.68,14643069,14924000,28183000,0.6895412430276741,-13259000
2015-03-31,170081000,21109000,2015-05-06,1.44,1.16,14656310,64037000,27508000,1.440267024919642,36529000
2015-06-30,92682000,6294000,2015-08-06,0.41,0.4,15280657,23734000,37211000,0.41189328443142204,-13477000
2015-09-30,91913000,5119000,2015-11-05,0.33,0.24,15306843,10913000,37332000,0.3344255899142625,-26419000
2015-12-31,104567000,8619000,2016-02-25,0.73,0.71,15320587,6458000,42567000,0.5625763555926414,-36109000
2016-03-31,146296000,20367000,2016-05-04,1.6,1.5,15331912,42428000,36847000,1.3284057461326415,5581000
2016-06-30,102342000,8029000,2016-08-04,0.52,0.49,15352702,31727000,33198000,0.5229698329323399,-1471000
2016-09-30,108348000,4416000,2016-11-03,0.29,0.4,15412783,8070000,36806000,0.28651542034945926,-28736000
2016-12-31,141874000,11863000,2017-02-27,0.73,0.73,16349110,21146000,63010000,0.725605247013446,-41864000
2017-03-31,185160000,19144000,2017-05-03,1.17,1.41,16363796,59954000,42172000,1.169899698089612,17782000
2017-06-30,125084000,6046000,2017-08-03,0.37,0.52,16382207,36416000,46455000,0.3690589430349647,-10039000
2017-09-30,126936000,6833000,2017-11-09,0.42,0.35,16389635,2002000,41510000,0.4169098335624924,-39508000
2017-12-31,180403000,26101000,2018-02-28,0.93,0.87,16397332,11717000,45192000,1.5917833462175432,-33475000
2018-03-31,239356000,26855000,2018-05-08,1.4,1.36,16402985,66672000,63116000,1.637202009268435,3556000
2018-06-30,136664000,6387000,2018-08-09,0.48,0.51,16417082,41680000,63695000,0.38904599489726616,-22015000
2018-09-30,140279000,5538000,2018-11-08,0.34,0.49,16428439,19644000,44599000,0.3370983694799001,-24955000
2018-12-31,201190000,17801000,2019-02-26,1.1,1.2,16430594,18782000,98357000,1.0834057490556945,-79575000
2019-03-31,227616000,28664000,2019-05-08,1.68,1.59,16432852,40486000,43216000,1.744310725855743,-2730000
2019-06-30,130903000,8304000,2019-08-08,0.5,0.55,16445743,34089000,47227000,0.5049331003165987,-13138000
2019-09-30,92626000,5621000,2019-11-07,0.34,0.39,16453867,29364000,48872000,0.341621820572635,-19508000
2019-12-31,131974000,22564000,2020-02-26,1.37,1.14,16461112,-975000,45412000,1.3707457916573316,-46387000
2020-03-31,152690000,28930000,2020-05-06,1.76,1.81,16471827,58808000,35182000,1.756332190715699,23626000
2020-06-30,97051000,10956000,2020-08-05,0.66,0.6,16503603,32870000,47597000,0.6638550381998404,-14727000
2020-09-30,101419000,9261000,2020-11-04,0.56,0.49,16592842,24202000,40642000,0.558132235574834,-16440000
2020-12-31,137038000,22352000,2021-02-24,1.24,1.15,17505291,43036000,42090000,1.276871090003588,946000
2021-03-31,191187000,34466000,2021-05-04,1.96,1.84,17553167,80382000,51994000,1.9635203151659184,28388000
2021-06-30,111082000,13813000,2021-08-04,0.78,0.67,17616496,53834000,52637000,0.7840946349376176,1197000
2021-09-30,107335000,12475000,2021-11-03,0.71,0.58,17659643,18568000,43582000,0.706412921257808,-25014000
2021-12-31,160364000,22712000,2022-02-23,1.28,1.31,17700898,-2280000,38711000,1.2830987444817772,-40991000
2022-03-31,222880000,36933000,2022-05-03,2.08,1.99,17761119,69120000,29887000,2.0794297926836705,39233000
2022-06-30,139470000,17051000,2022-08-03,0.96,0.83,17809871,54675000,35200000,0.9573904269155009,19475000
2022-09-30,131053000,9662000,2022-11-02,0.54,0.74,17819373,12215000,32941000,0.5422188536038838,-20726000
2022-12-31,187300000,26150000,2023-02-22,1.47,1.44,17825935,22872000,30248000,1.4669637244834564,-7376000
2023-03-31,218129000,36344000,2023-05-03,2.04,2.11,17831772,81667000,42418000,2.0381597521547494,39249000
2023-06-30,135593000,16133000,2023-08-03,0.9,0.96,17852024,67316000,47847000,0.9037070530489988,19469000
2023-09-30,131547000,9407000,2023-11-02,0.53,0.63,17857784,34364000,47419000,0.5267730867390937,-13055000
2023-12-31,185335000,25328000,2024-02-21,1.26,1.56,20178402,20135000,50934000,1.255203459619845,-30799000
2024-03-31,245700000,46200000,2024-05-08,2.07,2.12,22306000,97282000,75512000,2.0711916076392,21770000
2024-06-30,166300000,18200000,2024-08-08,0.82,0.8,22335000,70096000,82448000,0.8148645623460936,-12352000
2024-09-30,160138000,17507000,2024-11-07,0.78,0.67,22564000,50290000,157960000,0.7758819358269811,-107670000
2024-12-31,215046000,36654000,2025-02-19,1.63,1.635,22914000,21732000,95714000,1.5996334118879287,-73982000
2025-03-31,298700000,50900000,2025-05-06,2.22,2.246,23041000,85000000,113800000,2.209105507573456,-28800000
2025-06-30,192800000,23900000,2025-08-07,1.02,1.02,23402000,54200000,100100000,1.0212802324587642,-45900000
2025-09-30,179600000,19400000,2025-11-06,0.82,1.01,23629000,59100000,108300000,0.8210250116382412,-49200000
