fiscalDateEnding,totalRevenue,netIncome,reportedDate,reportedEPS,estimatedEPS,commonStockSharesOutstanding,operatingCashflow,capitalExpenditures,eps_computed_simple,freeCashFlow
2005-10-31,119025000,22813000,2005-12-02,0.03,0.03,1483680000,28085000,21245000,0.015375957079693735,6840000
2006-01-31,125099000,7853000,2006-03-07,0.04,0.03,1482176000,-2061000,19823000,0.005298291161103675,-21884000
2006-04-30,149512000,34710000,2006-05-31,0.05,0.05,1486144000,66390000,41313000,0.02335574479996555,25077000
2006-07-31,137220000,31573000,2006-10-04,0.04,0.04,1488816000,49530000,35306000,0.021206784451537328,14224000
2006-10-31,132121000,30345000,2006-12-05,0.04,0.04,1494000000,53988000,21102000,0.02031124497991968,32886000
2007-01-31,128925000,30392000,2007-03-06,0.04,0.04,1498912000,7626000,16253000,0.02027604022117376,-8627000
2007-04-30,145652000,38867000,2007-06-05,0.05,0.05,1500560000,65651000,21804000,0.025901663379005173,43847000
2007-07-31,153982000,36735000,2007-09-26,0.05,0.04,1486688000,54788000,137702000,0.024709286682881682,-82914000
2007-10-31,183957000,37610000,2007-12-04,0.05,0.05,1450976000,55692000,19911000,0.025920483867410627,35781000
2008-01-31,173459000,32026000,2008-03-06,0.04,0.05,1461328000,-1197000,38350000,0.02191568217402253,-39547000
2008-04-30,221150000,46477000,2008-06-03,0.07,0.06,1435312000,85952000,28668000,0.032381112956625456,57284000
2008-07-31,206282000,40821000,2008-09-24,0.06,0.06,1390832000,53616000,26435000,0.029350058094723158,27181000
2008-10-31,191569000,37254000,2008-12-03,0.06,0.05,1365120000,52364000,29200000,0.027289908579465543,23164000
2009-01-31,169855000,27150000,2009-03-04,0.04,0.05,1347296000,-7564000,27914000,0.020151473766714962,-35478000
2009-04-30,197326000,42069000,2009-06-03,0.06,0.06,1356512000,109757000,12072000,0.031012626500908212,97685000
2009-07-31,184332000,34627000,2009-09-23,0.05,0.05,1357776000,48782000,9726000,0.02550273388246662,39056000
2009-10-31,185461000,35270000,2009-12-01,0.05,0.05,1359168000,77691000,23512000,0.02594969863916749,54179000
2010-01-31,176601000,35733000,2010-03-02,0.05,0.05,1358832000,5113000,37702000,0.026296849058603272,-32589000
2010-04-30,220349000,44390000,2010-06-02,0.07,0.06,1362368000,91179000,19662000,0.03258297317611688,71517000
2010-07-31,190468000,36233000,2010-09-22,0.05,0.06,1361440000,25424000,16331000,0.026613732518509813,9093000
2010-10-31,212667000,37823000,2010-11-30,0.06,0.06,1350496000,77538000,14777000,0.02800674715067649,62761000
2011-01-31,207380000,37893000,2011-03-02,0.06,0.06,1311280000,15785000,27558000,0.028897718260020744,-11773000
2011-04-30,236755000,50136000,2011-06-01,0.09,0.09,1136520000,107327000,14169000,0.044113609967268506,93158000
2011-07-31,215442000,40521000,2011-09-20,0.07,0.07,1105856000,42282000,13666000,0.03664220296313444,28616000
2011-10-31,225626000,41149000,2011-11-28,0.08,0.07,1070416000,64187000,7274000,0.03844206364628332,56913000
2012-01-31,227904000,40603000,2012-02-28,0.09,0.07,1052720000,26161000,7781000,0.038569610152747166,18380000
2012-04-30,244105000,55471000,2012-05-29,0.11,0.11,1043608000,106603000,13651000,0.05315309963127918,92952000
2012-07-31,226556000,44896000,2012-09-25,0.09,0.08,1038824000,32722000,28690000,0.043218100467451656,4032000
2012-10-31,238866000,45845000,2012-11-27,0.09,0.09,1027784000,75315000,48069000,0.044605675900772926,27246000
2013-01-31,266185000,39640000,2013-02-27,0.1,0.09,1036160000,-22225000,62485000,0.03825663990117356,-84710000
2013-04-30,277638000,53236000,2013-05-30,0.1,0.12,1044240000,129913000,34954000,0.05098061748257106,94959000
2013-07-31,263697000,41304000,2013-09-24,0.08,0.1,1044904000,16323000,68779000,0.03952899022302527,-52456000
2013-10-31,279883000,41422000,2013-11-25,0.09,0.08,1045648000,67715000,21595000,0.03961371321898,46120000
2014-01-31,286434000,45345000,2014-02-25,0.09,0.09,1048808000,8076000,44401000,0.0432347960732565,-36325000
2014-04-30,309722000,40877000,2014-05-28,0.12,0.12,1051888000,131843000,12082000,0.03886060112863727,119761000
2014-07-31,287450000,51043000,2014-09-23,0.1,0.1,1053032000,54960000,17732000,0.04847241109481953,37228000
2014-10-31,290386000,52615000,2014-11-24,0.1,0.09,1052136000,83366000,23388000,0.05000779366925949,59978000
2015-01-31,276258000,52193000,2015-02-24,0.1,0.1,1054976000,5517000,16071000,0.04947316337054113,-10554000
2015-04-30,297142000,57563000,2015-05-27,0.11,0.12,1056992000,114486000,9620000,0.05445925796978596,104866000
2015-07-31,282293000,57412000,2015-09-22,0.1,0.1,1041640000,61707000,30074000,0.055116930993433434,31633000
2015-10-31,288838000,52413000,2015-11-23,0.11,0.11,1017152000,76594000,20167000,0.0515291716478953,56427000
2016-01-31,299706000,58963000,2016-02-23,0.12,0.11,996896000,6486000,57596000,0.05914659101852149,-51110000
2016-04-30,347246000,74016000,2016-05-25,0.16,0.14,945648000,124418000,66070000,0.07827013857164611,58348000
2016-07-31,332659000,84122000,2016-09-20,0.16,0.14,948152000,125000000,30084000,0.0887220614416254,94916000
2016-10-31,345991000,167280000,2016-11-21,0.14,0.14,951032000,74293000,38209000,0.17589313503646564,36084000
2017-01-31,349532000,66066000,2017-02-21,0.14,0.14,942352000,81235000,54203000,0.07010756065673973,27032000
2017-04-30,373862000,90546000,2017-05-24,0.19,0.18,948540000,192299000,32298000,0.09545828325637296,160001000
2017-07-31,378596000,70335000,2017-09-19,0.18,0.15,950536000,144231000,47468000,0.07399509329473056,96763000
2017-10-31,419168000,77515000,2017-11-21,0.22,0.13,955164000,93360000,41361000,0.0811536029414844,51999000
2018-01-31,459106000,103256000,2018-02-26,0.24,0.2,965440000,93033000,69421000,0.10695227046735167,23612000
2018-04-30,478198000,127348000,2018-05-23,0.26,0.25,971840000,190804000,77700000,0.13103803095159697,113104000
2018-07-31,449223000,109748000,2018-09-19,0.21,0.24,977624000,157872000,108215000,0.11225992815233668,49657000
2018-10-31,461368000,114083000,2018-11-20,0.24,0.23,979304000,107683000,62336000,0.11649395897494547,45347000
2019-01-31,484898000,131373000,2019-02-20,0.26,0.26,962640000,107521000,74391000,0.13647157816005984,33130000
2019-04-30,553116000,192741000,2019-05-22,0.33,0.31,951568000,238292000,123354000,0.20255094748877642,114938000
2019-07-31,542575000,153496000,2019-09-04,0.3,0.29,953416000,193150000,114547000,0.160995829732247,78603000
2019-10-31,554424000,218180000,2019-11-20,0.33,0.3,954648000,212458000,131793000,0.22854497154972303,80665000
2020-01-31,575140000,168707000,2020-02-19,0.33,0.33,953880000,144462000,268559000,0.17686396611733132,-124097000
2020-04-30,550360000,147487000,2020-05-20,0.29,0.32,954364000,294048000,90646000,0.15453956771210983,203402000
2020-07-31,525659000,165533000,2020-09-02,0.35,0.19,955708000,264103000,104242000,0.17320457713025317,159861000
2020-10-31,592940000,200285000,2020-11-18,0.4,0.35,959872000,258533000,147093000,0.20865802940392053,111440000
2021-01-31,617031000,193440000,2021-02-18,0.4,0.4,961120000,134508000,136121000,0.20126519061095388,-1613000
2021-04-30,733910000,286796000,2021-05-19,0.55,0.4,960832000,369164000,81181000,0.2984871444747885,287983000
2021-07-31,748630000,255974000,2021-09-08,0.52,0.46,962856000,228686000,98601000,0.2658486834999211,130085000
2021-10-31,810132000,260363000,2021-11-17,0.54,0.51,964884000,312540000,64696000,0.2698386541801916,247844000
2022-01-31,867460000,287412000,2022-02-16,0.55,0.54,964748000,134008000,91504000,0.2979140666785523,42504000
2022-04-30,939941000,278620000,2022-05-18,0.59,0.57,962896000,417306000,78610000,0.2893562752363703,338696000
2022-07-31,883388000,263735000,2022-09-07,0.56,0.55,962944000,312829000,102638000,0.2738840472550844,210191000
2022-10-31,893372000,245848000,2022-11-16,0.51,0.56,964336000,311559000,152655000,0.25494018682285013,158904000
2023-01-31,956724000,293677000,2023-02-20,0.61,0.57,965072000,188274000,104064000,0.3043057927284182,84210000
2023-04-30,1021831000,350431000,2023-05-17,0.72,0.64,967380000,505800000,89805000,0.36224751390353327,415995000
2023-07-31,997591000,347785000,2023-09-14,0.34,0.32,970255000,358577000,170112000,0.3584470061994012,188465000
2023-10-31,1020416000,332527000,2023-11-16,0.34,0.33,971682000,375246000,162260000,0.3422179272642696,212986000
2024-01-31,1020149000,325635000,2024-02-22,0.33,0.35,974589000,161793000,123029000,0.33412546211787736,38764000
2024-04-30,1127259000,382291000,2024-05-16,0.39,0.39,976445000,496304000,87815000,0.39151309085509167,408489000
2024-07-31,1068999000,322567000,2024-09-12,0.33,0.36,976500000,439221000,137886000,0.33032974910394264,301335000
2024-10-31,1146829000,362086000,2024-11-21,0.37,0.37,976506000,482274000,236758000,0.37079751686113555,245516000
2025-01-31,1163316000,387400000,2025-02-20,0.4,0.37,977910000,178127000,116641000,0.39615097503860275,61486000
2025-04-30,1211716000,406609000,2025-05-22,0.42,0.42,978089000,700873000,127950000,0.4157177925526205,572923000
2025-07-31,1125097000,396354000,2025-09-04,0.41,0.36,977778000,438476000,87641000,0.4053619533268288,350835000
2025-10-31,1155030000,403714000,2025-11-20,0.41,0.4,977100000,535253000,108042000,0.4131757240814656,427211000
