fiscalDateEnding,totalRevenue,netIncome,reportedDate,reportedEPS,estimatedEPS,commonStockSharesOutstanding,operatingCashflow,capitalExpenditures,eps_computed_simple,freeCashFlow
2005-09-30,50461000,-1109000,2005-10-19,0.08,0.07,85804000,8209000,34000,-0.012924805370379003,8175000
2005-12-31,48253000,12681000,2006-01-25,0.09,0.08,88101000,6727000,885000,0.14393707222392482,5842000
2006-03-31,42158000,15437000,2006-04-26,0.08,0.06,87938000,10592000,1036000,0.17554413336669017,9556000
2006-06-30,45181000,7825000,2006-07-26,0.1,0.09,88759000,5494000,635000,0.08816007390799806,4859000
2006-09-30,48200000,9300000,2006-10-25,0.1054,,88500000,9500000,728000,0.10508474576271186,8772000
2006-12-31,45300000,3500000,2007-02-08,0.039,,88700000,14900000,513000,0.03945885005636979,14387000
2007-03-31,43647000,7279000,2007-05-09,0.09,0.08,88765000,5773000,459000,0.08200304173942433,5314000
2007-06-30,41124000,3989000,2007-07-25,0.07,0.07,89669000,5043000,3527000,0.0444858312237228,1516000
2007-09-30,47034000,-332000,2007-10-24,0.07,0.08,88998000,10767000,1088000,-0.0037304209083350187,9679000
2007-12-31,48905000,4182000,2008-01-30,0.07,0.08,89533000,6967000,406000,0.046709034657612274,6561000
2008-03-31,44822000,-13685000,2008-05-01,0.06,0.05,77590000,8573000,2428000,-0.17637582162649826,6145000
2008-06-30,44011000,2138000,2008-07-23,0.06,0.04,67213000,2239000,626000,0.03180932260128249,1613000
2008-09-30,53278000,6355000,2008-10-22,0.15,0.09,65317000,7764000,1775000,0.09729473184622686,5989000
2008-12-31,43833000,2750000,2009-01-28,0.07,0.04,65274000,7843000,479000,0.04213009774182676,7364000
2009-03-31,33520000,-7768000,2009-04-29,-0.01,-0.02,65492500,5221000,2307000,-0.11860900103065236,2914000
2009-06-30,37514000,221000,2009-07-22,-0.01,,65341000,3001000,543000,0.0033822561638175114,2458000
2009-09-30,55674000,6764000,2009-10-20,0.11,0.1,65473000,4125000,2531000,0.10330976127564034,1594000
2009-12-31,65162000,11055000,2010-01-28,0.19,0.19,65632000,10126000,1428000,0.1684391760117016,8698000
2010-03-31,62639000,20358000,2010-04-27,0.16,0.15,65629000,7884000,1337000,0.3101982355361197,6547000
2010-06-30,81915000,17602000,2010-07-20,0.29,0.28,70755000,11903000,4027000,0.24877393823758037,7876000
2010-09-30,100598000,30874000,2010-10-21,0.4,0.42,72878000,24220000,12768000,0.42363950712149073,11452000
2010-12-31,95625000,24621000,2011-01-27,0.34,0.33,71695000,30431000,2134000,0.3434130692516912,28297000
2011-03-31,91433000,130406000,2011-04-28,0.22,0.24,71899000,20386000,2658000,1.8137387168110821,17728000
2011-06-30,92242000,9178000,2011-07-21,0.24,0.24,70445000,10617000,14257000,0.1302860387536376,-3640000
2011-09-30,101602000,11247000,2011-10-19,0.33,0.33,67265000,26446000,10528000,0.16720434103917342,15918000
2011-12-31,122368000,16731000,2012-01-26,0.43,0.43,66989000,14848000,6893000,0.24975742286046962,7955000
2012-03-31,110631000,50827000,2012-04-25,0.36,0.34,67526500,31284000,10874000,0.752697089290871,20410000
2012-06-30,99006000,6927000,2012-07-30,0.22,0.21,68529000,-587000,18429000,0.10108129405069387,-19016000
2012-09-30,193774000,35449000,2012-10-31,0.79,0.71,69207000,-48226000,12996000,0.512216972271591,-61222000
2012-12-31,310133000,67862000,2013-01-24,1.64,1.41,68866000,79190000,19980000,0.9854209624488136,59210000
2013-03-31,206873000,26360000,2013-04-25,0.59,0.58,67138000,130447000,4506000,0.3926241472787393,125941000
2013-06-30,155125000,20642000,2013-07-25,0.56,0.49,66188000,36712000,1872000,0.311869221006829,34840000
2013-09-30,190671000,33367000,2013-10-29,0.84,0.6,66125000,54389000,6361000,0.5046049149338374,48028000
2013-12-31,218883000,41500000,2014-01-28,0.89,0.77,65368000,71924000,4552000,0.6348672133153836,67372000
2014-03-31,149659000,12602000,2014-04-24,0.41,0.32,64545000,65013000,4569000,0.19524362847625687,60444000
2014-06-30,152565000,10248000,2014-07-23,0.37,0.3,64688000,12766000,3386000,0.15842196388820182,9380000
2014-09-30,210214000,852000,2014-10-29,0.68,0.54,65085000,-14440000,8343000,0.01309057386494584,-22783000
2014-12-31,298606000,22729000,2015-01-28,0.97,0.76,65214000,61390000,9544000,0.3485294568650903,51846000
2015-03-31,255183000,21349000,2015-04-28,0.66,0.47,65815000,103797000,15425000,0.3243789409709033,88372000
2015-06-30,282633000,33354000,2015-07-22,0.54,0.43,66410000,43182000,12417000,0.5022436380063243,30765000
2015-09-30,306756000,34880000,2015-10-28,0.65,0.59,66329000,-43211000,12457000,0.5258634986205128,-55668000
2015-12-31,347863000,41384000,2016-01-27,0.82,0.81,65761000,116327000,12827000,0.6293091650066148,103500000
2016-03-31,231999000,14012000,2016-04-26,0.38,0.21,65398000,38984000,8387000,0.2142573167375149,30597000
2016-06-30,259428000,18071000,2016-07-27,0.44,0.28,65232000,12756000,10532000,0.27702661270542067,2224000
2016-09-30,428619000,86039000,2016-10-27,1.35,1.05,66410000,24091000,13330000,1.2955729558801385,10761000
2016-12-31,523029000,122041000,2017-02-01,1.87,1.63,66748000,208046000,11438000,1.8283843710672978,196608000
2017-03-31,327864000,35058000,2017-05-03,0.85,0.7,67062000,124858000,15996000,0.5227699740538606,108862000
2017-06-30,320735000,42912000,2017-08-02,0.81,0.66,67160000,-3816000,10749000,0.6389517569982133,-14565000
2017-09-30,425537000,73300000,2017-11-02,1.36,1.21,66360000,84525000,16079000,1.1045810729355032,68446000
2017-12-31,482741000,33779000,2018-02-05,1.59,1.78,65557000,132314000,14296000,0.5152615281358207,118018000
2018-03-31,303173000,12004000,2018-05-02,0.51,0.58,64572000,105688000,22617000,0.18590100972557766,83071000
2018-06-30,254483000,-4272000,2018-08-01,0.28,0.07,61462000,4689000,10827000,-0.06950636165435553,-6138000
2018-09-30,366305000,58173000,2018-11-01,1.08,0.74,62431000,74261000,8535000,0.9317967035607311,65726000
2018-12-31,324295000,29933000,2019-01-30,0.91,0.8,60783000,118186000,5031000,0.492456772452824,113155000
2019-03-31,240441000,6157000,2019-05-01,0.37,0.12,60199000,9558000,9637000,0.10227744646921046,-79000
2019-06-30,238253000,4618000,2019-07-31,0.35,0.15,60258000,56987000,3816000,0.0766371270204786,53171000
2019-09-30,388912000,76210000,2019-10-30,1.55,0.94,60213000,60848000,5946000,1.265673525650607,54902000
2019-12-31,374668000,68512000,2020-01-29,1.41,1.14,60492000,128712000,4092000,1.132579514646565,124620000
2020-03-31,279291000,10158000,2020-05-04,0.68,0.5,60683000,49268000,3421000,0.16739449269152812,45847000
2020-06-30,242573000,18209000,2020-08-03,0.53,0.3,60280000,502000,2131000,0.30207365627073657,-1629000
2020-09-30,347325000,59486000,2020-11-02,1.26,0.9,60127000,41636000,6025000,0.9893392319590201,35611000
2020-12-31,485795000,114368000,2021-02-01,2.13,1.86,59963000,134304000,4888000,1.9073095075296433,129416000
2021-03-31,293537000,25281000,2021-04-29,0.66,0.71,59922000,172503000,7431000,0.4218984680084109,165072000
2021-06-30,277253000,17209000,2021-07-28,0.54,0.4,59513000,-26796000,10835000,0.2891637121301228,-37631000
2021-09-30,465886000,85096000,2021-11-01,1.82,1.63,59451000,29173000,5927000,1.4313636440093522,23246000
2021-12-31,548349000,127636000,2022-01-31,2.54,2.14,59031000,-135855000,3724000,2.1621859700835153,-139579000
2022-03-31,489972000,96414000,2022-05-03,2.01,1.4,58625000,258231000,8456000,1.644588486140725,249775000
2022-06-30,393639000,39707000,2022-08-02,1.12,0.83,57804000,74365000,6776000,0.6869247802920213,67589000
2022-09-30,540574000,87188000,2022-11-01,1.99,1.44,57418000,35989000,10247000,1.5184785258978022,25742000
2022-12-31,590582000,103477000,2023-02-02,2.4,1.99,56583000,180948000,7608000,1.8287648233568385,173340000
2023-03-31,372822000,-53669000,2023-05-04,0.92,0.84,55219000,48266000,11635000,-0.971929951647078,36631000
2023-06-30,317016000,15600000,2023-08-03,0.67,0.41,56631000,-39813000,12310000,0.2754675001324363,-52123000
2023-09-30,481063000,75407000,2023-11-02,1.8,1.54,56278000,-22731000,8527000,1.3399019154909557,-31258000
2023-12-31,618984000,138723000,2024-02-06,2.89,2.01,55592000,313692000,9813000,2.4953770326665707,303879000
2024-03-31,371827000,44842000,2024-05-07,1.24,0.64,55559000,170526000,7695000,0.8071059594305153,162831000
2024-06-30,374026000,42095000,2024-08-06,1.12,0.61,55665000,87161000,9990000,0.7562202461151531,77171000
2024-09-30,541857000,102140000,2024-11-04,2.25,2.02,55800000,8231000,2740000,1.8304659498207885,5491000
2024-12-31,555738000,116005000,2025-02-04,2.51,2.04,55076000,218588000,6687000,2.1062713341564385,211901000
2025-03-31,424456000,71267000,2025-05-06,1.67,1.18,54324000,130386000,3429000,1.3118879316692438,126957000
2025-06-30,407272000,60697000,2025-08-05,1.51,1.1,53319000,116131000,2638000,1.138374688197453,113493000
2025-09-30,560960000,131596000,2025-11-03,2.83,2.37,53054000,92214000,3868000,2.4804161797413955,88346000
