fiscalDateEnding,totalRevenue,netIncome,reportedDate,reportedEPS,estimatedEPS,commonStockSharesOutstanding,operatingCashflow,capitalExpenditures,eps_computed_simple,freeCashFlow
2003-09-30,33983096,2615052,2003-12-15,0.7,0.85,3735714,6141094,25445187,0.7000139732324262,-19304093
2003-12-31,35599594,2489191,2004-03-15,0.6,0.81,4148333,5156799,20698239,0.6000460908032215,-15541440
2004-06-30,39475000,5470000,2004-09-10,0.6,0.69,4064167,11943000,38261000,1.3459092601263678,-26318000
2004-09-30,39168000,3953000,2004-10-31,0.7194,,4200000,11984000,23224000,0.9411904761904762,-11240000
2004-12-31,38478000,3236000,2005-01-31,-0.2398,,4405000,9241000,21784000,0.7346197502837685,-12543000
2005-06-30,41753000,1672000,2005-09-09,0.2,0.22,5395000,7899000,23032000,0.3099165894346617,-15133000
2005-09-30,43750000,2573000,2005-12-12,0.4,0.29,4950000,12151000,45826000,0.5197979797979798,-33675000
2005-12-31,43357000,2321000,2006-03-13,0.4,0.4,4320000,14107000,4714000,0.5372685185185185,9393000
2006-06-30,44785000,3113000,2006-09-11,0.4,0.44,5040000,9367000,17387000,0.6176587301587302,-8020000
2006-09-30,48962000,3508000,2006-12-11,0.3,0.68,4858333,15835000,103900000,0.722058368580334,-88065000
2006-12-31,51372000,3454000,2007-03-12,0.5928,,4768333,18430000,39293000,0.7243621617869389,-20863000
2007-06-30,53642000,2981000,2007-09-10,0.5,0.52,6894700,9816000,19094000,0.43236108895238373,-9278000
2007-09-30,54274000,2836000,2007-12-10,0.4,0.58,7015800,15197000,13725000,0.4042304512671399,1472000
2007-12-31,54472000,2983000,2008-03-11,0.4,0.65,7575500,18454000,29938000,0.39376938815919743,-11484000
2008-03-31,58782000,3288000,2008-06-30,0.4,0.54,5975000,18412000,86251000,0.5502928870292887,-67839000
2008-06-30,58846000,2358000,2008-09-09,0.3,0.41,7921400,11929000,18508000,0.29767465347034616,-6579000
2008-09-30,59573000,2523000,2008-12-10,0.3,0.41,7966800,12586000,17362000,0.31668926043078777,-4776000
2008-12-31,60934000,1378000,2009-03-12,0.2,0.46,8003800,19113000,14378000,0.17216822009545465,4735000
2009-03-31,60652000,2267000,2009-06-30,0.3,0.3,5883200,16507000,8829000,0.38533451183029643,7678000
2009-06-30,60821000,2017000,2009-09-09,0.2,0.3,8322300,12779000,8667000,0.24236088581281617,4112000
2009-09-30,59596000,285000,2009-12-11,-0.0421,,8716200,14151000,13006000,0.03269773525160047,1145000
2009-12-31,60130000,452000,2010-03-12,-0.019,,9451600,15969000,51274000,0.04782259088408312,-35305000
2010-06-30,62021000,1986000,2010-09-09,0.2,0.15,9677700,8610000,8887000,0.205214048792585,-277000
2010-09-30,60537000,5819000,2010-12-10,0.1,0.2,9873700,9977000,7901000,0.5893434072333573,2076000
2010-12-31,60203000,11833000,2011-03-14,1.4,0.2,9935500,19797000,38649000,1.1909818328217,-18852000
2011-06-30,59628000,1421000,2011-09-09,0.1,,10084400,10345000,12240000,0.1409107135774067,-1895000
2011-09-30,60688000,1285000,2011-12-13,-0.0287,,10166900,13865000,64860000,0.1263905418564164,-50995000
2011-12-31,61023000,2127000,2012-03-13,0.2,0.15,10393500,20218000,24691000,0.20464713522874875,-4473000
2012-06-30,62410000,1679000,2012-09-10,0.1,0.23,11129200,13744000,55255000,0.15086439276857277,-41511000
2012-09-30,67206000,8512000,2012-12-10,0.3,0.15,11369000,21230000,26565000,0.7487026123669628,-5335000
2012-12-31,66231000,5324000,2013-03-12,0.3,0.2,11520700,20270000,0,0.4621246972840192,20270000
2013-06-30,67182000,3078000,2013-09-09,0.1,0.5,12417900,17284000,0,0.2478679970043244,17284000
2013-09-30,66190000,8787000,2013-12-10,0.6,0.25,12671300,18897000,0,0.6934568670933527,18897000
2013-12-31,67629000,3503000,2014-03-12,0.5,0.3,12802700,23923000,0,0.2736141595132277,23923000
2014-03-31,66983000,-28542000,2014-06-30,0.0,0.3,12924400,32410000,0,-2.2083810467023612,32410000
2014-06-30,68630000,-151000,2014-09-09,0.2,0.2,13133200,23385000,0,-0.01149757865562087,23385000
2014-09-30,70885000,5114000,2014-12-10,0.2,0.1,13329500,28836000,0,0.3836603023369219,28836000
2014-12-31,72916000,8371000,2015-03-12,0.5,0.3,13531600,28553000,0,0.6186260309202164,28553000
2015-03-31,70759000,10753000,2015-06-29,0.7,0.4,12085500,33405000,0,0.8897439079889123,33405000
2015-06-30,50956000,4540000,2015-09-09,0.1,0.15,13880600,24782000,0,0.32707519847845196,24782000
2015-09-30,52270000,16666000,2015-12-10,1.1,0.2,13856500,9536000,0,1.2027568289250532,9536000
2015-12-31,55772000,39797000,2016-03-10,3.0068,0.15,13574100,12621000,0,2.931833418053499,12621000
2016-03-31,48523000,11003000,2016-06-29,0.5,0.2,13459800,19554000,0,0.8174712848630737,19554000
2016-06-30,49611000,-21643000,2016-09-08,-2.0,0.15,13740200,15755000,0,-1.5751590224305323,15755000
2016-09-30,50609000,11600000,2016-12-12,0.7,0.1,13741800,19633000,0,0.8441397779039136,19633000
2016-12-31,51174000,23110000,2017-03-13,1.6,0.3,13737500,20311000,0,1.6822565969062784,20311000
2017-03-31,54344000,30280000,2017-06-28,2.3,0.1,12115500,18231000,0,2.499277784656019,18231000
2017-06-30,52735000,-11264000,2017-09-11,-1.0,,13554900,15828000,0,-0.830991006942139,15828000
2017-09-30,53921000,12821000,2017-12-11,-0.4,-1.1,13476700,11104000,0,0.9513456558356275,11104000
2017-12-31,43254000,136105000,2018-03-12,11.2,-0.6,13417500,15052000,0,10.143841997391466,15052000
2018-03-31,44185000,-20874000,2018-06-27,-1.9,-0.4,13370300,6051000,0,-1.5612215133542253,6051000
2018-06-30,45946000,2725000,2018-09-10,0.1,-0.7,13327100,14724000,0,0.20447059000082538,14724000
2018-09-30,45638000,-4558000,2018-12-10,-0.5,-0.55,13318500,12490000,0,-0.34223073168900403,12490000
2018-12-31,45730000,-4106000,2019-02-27,-0.49,0.0,13317000,16869000,0,-0.308327701434257,16869000
2019-03-31,45608000,-4641000,2019-05-08,-0.54,-0.48,13130000,6292000,0,-0.35346534653465345,6292000
2019-06-30,46934000,3273000,2019-08-07,-0.34,-0.34,12955000,22314000,0,0.25264376688537243,22314000
2019-09-30,47436000,31756000,2019-11-06,2.54,-0.34,13087000,23036000,0,2.4265301444181246,23036000
2019-12-31,45777000,48818000,2020-02-19,3.89,-0.49,13188000,17982000,0,3.701698513800425,17982000
2020-03-31,44406000,-6847000,2020-05-11,-0.67,-0.52,13157000,6235000,0,-0.5204073877023637,6235000
2020-06-30,43910000,-3643000,2020-08-03,-0.44,-0.49,13317000,19041000,0,-0.27356011113614176,19041000
2020-09-30,44138000,19789000,2020-11-02,1.38,-0.5,14143000,21982000,0,1.3992080888071838,21982000
2020-12-31,45540000,-4218000,2021-02-22,-0.46,-0.62,14222000,13970000,0,-0.29658275910561105,13970000
2021-03-31,46648000,-4707000,2021-05-03,-0.49,-0.38,14035000,14955000,2165000,-0.33537584609903814,12790000
2021-06-30,46656000,21698000,2021-08-02,-0.48,0.04,14514000,15619000,6828000,1.494970373432548,8791000
2021-09-30,50413000,-9332000,2021-11-01,-0.38,-0.43,15922000,25781000,11662000,-0.5861072729556588,14119000
2021-12-31,57988000,-7048000,2022-02-28,-0.61,-0.45,17868000,27673000,15222000,-0.39444817550929034,12451000
2022-03-31,60314000,-9027000,2022-05-02,-0.68,-0.6,15097000,11598000,3474000,-0.5979333642445519,8124000
2022-06-30,63116000,-3186000,2022-08-01,-0.3,-0.63,15369000,22893000,10471000,-0.2073004099160648,12422000
2022-09-30,65438000,-639000,2022-10-31,-0.14,-0.31,18801000,34482000,19680000,-0.03398755385351843,14802000
2022-12-31,67848000,-2167000,2023-02-21,-0.24,-0.1,15027000,23018000,23065000,-0.1442070938976509,-47000
2023-03-31,67897000,43731000,2023-05-01,2.76,-0.04,18359000,21804000,11237000,2.3819924832507215,10567000
2023-06-30,64776000,-1703000,2023-07-31,-0.03,-0.39,14949000,23757000,13835000,-0.11392066358953776,9922000
2023-09-30,64568000,7934000,2023-10-30,0.41,-0.28,18018000,31859000,14332000,0.4403374403374403,17527000
2023-12-31,64068000,-7997000,2024-02-20,-0.37,-0.07,15013000,12100000,19421000,-0.5326716845400653,-7321000
2024-03-31,64506000,-3745000,2024-04-29,-0.3694,-0.28,14922000,24403000,21810000,-0.25097171960863157,2593000
2024-06-30,65043000,-1136000,2024-07-29,-0.19,-0.25,14972000,22861000,13776000,-0.07587496660432808,9085000
2024-09-30,65025000,-888000,2024-10-28,-0.4,-0.22,15528000,32319000,35586000,-0.0571870170015456,-3267000
2024-12-31,66409000,-4919000,2025-02-18,-0.3063,-0.175,16583000,18665000,57684000,-0.2966290779714165,-39019000
2025-03-31,67093000,-36000,2025-04-28,-0.2104,-0.1862,16727000,25429000,5042000,-0.0021522090034076643,20387000
2025-06-30,68549000,-14355000,2025-07-28,0.0099,-0.1399,16741000,25265000,164847000,-0.8574756585628098,-139582000
2025-09-30,71399000,-2319000,2025-11-03,3.19,0.1437,19771000,35052000,230343000,-0.11729300490617571,-195291000
