fiscalDateEnding,totalRevenue,netIncome,reportedDate,reportedEPS,estimatedEPS,commonStockSharesOutstanding,operatingCashflow,capitalExpenditures,eps_computed_simple,freeCashFlow
2005-09-30,161757000,33756000,2005-10-27,0.08,0.1,397320000,59035000,125656000,0.08495922681969194,-66621000
2005-12-31,225082000,58505000,2006-02-16,0.14,0.14,391608000,117449000,109802000,0.14939684582541726,7647000
2006-03-31,214768000,53165000,2006-05-04,0.14,0.13,394984000,155009000,103116000,0.13460038887651146,51893000
2006-06-30,190794000,46864000,2006-07-24,0.12,0.1,390412000,114351000,147758000,0.12003729393563722,-33407000
2006-09-30,184744000,189020000,2006-10-26,0.12,0.1,390412000,86690000,133718000,0.48415520014753644,-47028000
2006-12-31,171682000,32126000,2007-02-15,0.09,0.09,385840000,1054000,132235000,0.08326249222475637,-131181000
2007-03-31,191573000,48547000,2007-04-30,0.11,0.1,394012000,135858000,119400000,0.1232119833913688,16458000
2007-06-30,175832000,41376000,2007-07-25,0.1,0.1,393624000,105949000,152531000,0.10511554173526004,-46582000
2007-09-30,170848000,35453000,2007-10-25,0.1,0.09,393756000,86752000,145032000,0.0900379930718516,-58280000
2007-12-31,193917000,42047000,2008-02-13,0.11,0.11,388272000,133578000,140248000,0.10829264021098611,-6670000
2008-03-31,219651000,45975000,2008-04-30,0.14,0.13,395700000,132704000,133162000,0.11618650492797573,-458000
2008-06-30,248854000,54625000,2008-07-24,0.18,0.19,397924000,143707000,179283000,0.13727495702696998,-35576000
2008-09-30,244820000,66990000,2008-10-29,0.14,0.16,417980000,148317000,246486000,0.160270826355328,-98169000
2008-12-31,232466000,43700000,2009-02-12,0.11,0.1,413404000,209719000,258509000,0.10570773383905332,-48790000
2009-03-31,233939000,47580000,2009-04-28,0.1,0.09,416444000,152534000,177495000,0.11425305683357186,-24961000
2009-06-30,204824000,25502000,2009-07-23,0.1,0.08,416444000,147851000,132338000,0.06123752533353824,15513000
2009-09-30,207021000,38897000,2009-10-26,0.1,0.09,417248000,116745000,116344000,0.09322273563923614,401000
2009-12-31,233492000,36364000,2010-02-21,0.13,0.11,414588000,196922000,134246000,0.08771117350236862,62676000
2010-03-31,216345000,28696000,2010-04-28,0.08,0.07,415176000,116097000,235403000,0.06911767539549492,-119306000
2010-06-30,200241000,21682000,2010-07-22,0.05,0.04,419912000,127081000,218741000,0.05163462820781497,-91660000
2010-09-30,224062000,3898000,2010-10-25,0.08,0.07,415820000,124314000,203980000,0.009374248472896926,-79666000
2010-12-31,216875000,49109000,2011-02-22,0.05,0.05,415820000,117419000,199128000,0.11810158241546823,-81709000
2011-03-31,209026000,12886000,2011-04-27,0.05,0.03,416576000,91213000,203169000,0.03093313104931633,-111956000
2011-06-30,240696000,54677000,2011-07-27,0.1,0.07,417056000,129488000,201045000,0.1311022980127369,-71557000
2011-09-30,262117000,28482000,2011-10-26,0.09,0.09,417140000,154665000,264773000,0.06827923478927937,-110108000
2011-12-31,268025000,26363000,2012-02-20,0.1,0.07,417202000,126473000,222290000,0.06319001347069285,-95817000
2012-03-31,272136000,18318000,2012-04-25,0.07,0.07,418256000,131780000,188547000,0.043796143988370756,-56767000
2012-06-30,265657000,35937000,2012-07-24,0.03,0.03,419024000,159362000,222780000,0.08576358394745885,-63418000
2012-09-30,296874000,36608000,2012-10-25,0.11,0.07,422452000,163970000,257871000,0.08665599878802799,-93901000
2012-12-31,369879000,40866000,2013-02-21,0.14,0.1,419700000,196981000,258779000,0.09736954967834167,-61798000
2013-03-31,373285000,42824000,2013-04-24,0.13,0.12,420300000,212685000,260169000,0.10188912681418034,-47484000
2013-06-30,449680000,89114000,2013-07-24,0.23,0.19,420698000,277282000,263887000,0.2118241588978317,13395000
2013-09-30,435850000,69889000,2013-10-24,0.18,0.17,423453000,276709000,319472000,0.16504547139824255,-42763000
2013-12-31,487463000,77946000,2014-02-20,0.18,0.18,418774000,257850000,351211000,0.1861290337986599,-93361000
2014-03-31,509803000,107031000,2014-04-24,0.26,0.26,416900000,255378000,338701000,0.2567306308467258,-83323000
2014-06-30,533187000,118420000,2014-07-24,0.28,0.25,417291000,329570000,278912000,0.2837827798826239,50658000
2014-09-30,512017000,100788000,2014-10-24,0.2,0.22,418093000,358302000,347128000,0.24106598292724346,11174000
2014-12-31,618004000,-221771000,2015-02-20,0.23,0.22,413035000,293185000,514891000,-0.5369302843584685,-221706000
2015-03-31,464765000,40255000,2015-04-24,0.12,0.03,414771000,267381000,395242000,0.09705355485315993,-127861000
2015-06-30,306297000,-27508000,2015-07-24,0.03,0.04,413713000,171210000,249850000,-0.06649053812667235,-78640000
2015-09-30,305296000,-15514000,2015-10-23,-0.01,,413846000,146363000,174747000,-0.0374873745306225,-28384000
2015-12-31,280791000,-111124000,2016-02-19,-0.02,-0.03,413875000,155783000,135763000,-0.26849652672908486,20020000
2016-03-31,281941000,-51194000,2016-04-29,-0.13,-0.14,431841000,62090000,92237000,-0.11854826197605137,-30147000
2016-06-30,246816000,-62910000,2016-07-29,-0.07,-0.08,465068000,85154000,67162000,-0.13527054108216433,17992000
2016-09-30,303525000,-10260000,2016-10-28,-0.04,-0.04,465149000,105405000,85634000,-0.022057448258515012,19771000
2016-12-31,354155000,-292760000,2017-02-24,0.01,0.01,465150000,139728000,130120000,-0.6293883693432226,9608000
2017-03-31,484459000,105720000,2017-04-28,0.19,0.16,466888000,269378000,208384000,0.22643546203800483,60994000
2017-06-30,446652000,21527000,2017-07-27,0.14,0.15,466745000,260568000,184949000,0.046121543883705235,75619000
2017-09-30,386252000,17587000,2017-10-27,0.07,0.07,462498000,189100000,193480000,0.03802611038318004,-4380000
2017-12-31,429930000,-44441000,2018-02-23,0.13,0.11,462371000,179113000,177745000,-0.09611545706802546,1368000
2018-03-31,467650000,117231000,2018-04-27,0.28,0.27,459715000,272760000,156257000,0.2550079940832907,116503000
2018-06-30,457115000,42431000,2018-07-27,0.13,0.19,453114000,273900000,231014000,0.09364310085320691,42886000
2018-09-30,548710000,122337000,2018-10-26,0.25,0.28,443110000,242192000,260232000,0.27608720182347496,-18040000
2018-12-31,670241000,275044000,2019-02-22,0.55,0.58,430978000,316051000,246967000,0.6381857078551574,69084000
2019-03-31,633424000,262762999,2019-04-26,0.73,0.63,425189000,585287000,195650000,0.6179910557422699,389637000
2019-06-30,470468000,181009000,2019-07-26,0.36,0.34,424349000,326650000,225850000,0.42655691423804465,100800000
2019-09-30,418051000,90358000,2019-10-24,0.29,0.26,414462000,270874000,199196000,0.2180127490578147,71678000
2019-12-31,463526000,146940000,2020-02-20,0.3,0.3,404581000,262980000,167672000,0.36319056011033635,95308000
2020-03-31,370395000,53910000,2020-04-30,0.14,0.13,399897000,204897000,148702000,0.13480971350122656,56195000
2020-06-30,288374000,30374000,2020-07-30,0.05,0.02,401279000,136436000,182481000,0.07569297172291597,-46045000
2020-09-30,333294000,-14961000,2020-10-29,0.09,0.06,398580000,129060000,147239000,-0.03753575191931356,-18179000
2020-12-31,413157000,131205999,2021-02-23,0.26,0.21,398583000,307842000,97425000,0.3291811216233507,210417000
2021-03-31,472918000,126354000,2021-04-29,0.38,0.36,402000000,290000000,123000000,0.3143134328358209,167000000
2021-06-30,411788000,30464000,2021-07-30,0.26,0.28,403000000,179000000,151000000,0.07559305210918114,28000000
2021-09-30,641678000,62714000,2021-11-03,0.52,0.79,403000000,245194000,184101000,0.15561786600496277,61093000
2021-12-31,2144359000,939000000,2022-02-23,0.83,1.02,810000000,952337000,268960000,1.1592592592592592,683377000
2022-03-31,2070000000,608000000,2022-05-02,1.01,0.83,814000000,1322000000,271000000,0.7469287469287469,1051000000
2022-06-30,2638000000,1229000000,2022-08-02,1.35,1.23,803000000,879000000,474000000,1.5305105853051058,405000000
2022-09-30,2676000000,1196000000,2022-11-03,1.42,1.37,797000000,1771000000,460000000,1.5006273525721456,1311000000
2022-12-31,2280000000,1032000000,2023-02-22,1.16,1.1,781873560,1484000000,505000000,1.3199065076455585,979000000
2023-03-31,1639000000,677000000,2023-05-04,0.87,0.7,768000000,1494000000,484000000,0.8815104166666666,1010000000
2023-06-30,1197000000,209000000,2023-08-07,0.39,0.34,760000000,646000000,597000000,0.275,49000000
2023-09-30,1353000000,323000000,2023-11-06,0.5,0.44,758000000,758000000,548000000,0.4261213720316623,210000000
2023-12-31,1495000000,416000000,2024-02-22,0.52,0.55,754251820,760000000,470000000,0.5515399352964107,290000000
2024-03-31,1433000000,352000000,2024-05-02,0.51,0.41,755000000,856000000,458000000,0.46622516556291393,398000000
2024-06-30,1287000000,220000000,2024-08-01,0.37,0.39,748000000,558000000,481000000,0.29411764705882354,77000000
2024-09-30,1295000000,252000000,2024-10-31,0.32,0.34,744000000,755000000,396000000,0.3387096774193548,359000000
2024-12-31,1446000000,297000000,2025-02-20,0.49,0.4287,736000000,626000000,436000000,0.40353260869565216,190000000
2025-03-31,2016000000,516000000,2025-04-30,0.8,0.7956,761000000,1144000000,509000000,0.6780551905387647,635000000
2025-06-30,1733000000,511000000,2025-08-05,0.67,0.48,759000000,936000000,640000000,0.6732542819499341,296000000
2025-09-30,1817000000,322000000,2025-11-03,0.41,0.46,763000000,971000000,644000000,0.42201834862385323,327000000
