fiscalDateEnding,totalRevenue,netIncome,reportedDate,reportedEPS,estimatedEPS,commonStockSharesOutstanding,operatingCashflow,capitalExpenditures,eps_computed_simple,freeCashFlow
2024-03-31,528023000,-25058000,2024-05-08,-0.2831,,88517521,-26451000,26261000,-0.2830851984659625,-52712000
2024-06-30,672075000,11687000,2024-07-29,0.2,0.22,84636000,-54198000,22655000,0.13808544827260266,-76853000
2024-09-30,720053000,-3652000,2024-11-06,0.06,0.3014,88518000,173643000,12939000,-0.04125714543934567,160704000
2024-12-31,717078000,10299000,2025-02-26,0.21,0.1882,88518000,60998000,33240000,0.11634921710838474,27758000
2025-03-31,550081000,-17937000,2025-05-12,-0.12,-0.1481,88518000,16676000,24362000,-0.20263675184708194,-7686000
2025-06-30,724052000,8053000,2025-08-06,0.19,0.2417,88823000,-27659000,20800000,0.09066345428548912,-48459000
2025-09-30,850044000,2099000,2025-11-05,0.19,0.2931,88989000,5214000,23576000,0.023587184932969244,-18362000
