fiscalDateEnding,totalRevenue,netIncome,reportedDate,reportedEPS,estimatedEPS,commonStockSharesOutstanding,operatingCashflow,capitalExpenditures,eps_computed_simple,freeCashFlow
2024-06-30,28156000,6236000,2024-08-28,0.145,0.0,104820661,16867000,3918000,0.0594920881103774,12949000
2024-09-30,29762000,-15410000,2024-11-27,-0.15,0.15,104860000,-7075000,9855000,-0.14695784855998476,-16930000
2024-12-31,34923000,11461000,2025-02-11,0.11,0.1113,105176000,29004000,678000,0.10896972693390126,28326000
2025-03-31,38695000,10550000,2025-04-25,0.1,0.1167,105137000,25371000,1841000,0.1003452637986627,23530000
2025-06-30,41402000,10392000,2025-07-28,0.1,0.105,105242000,34172000,3396000,0.09874384751335018,30776000
2025-09-30,48647000,9346000,2025-10-28,0.09,0.09,105264000,39189000,0,0.08878628970968232,39189000
