fiscalDateEnding,totalRevenue,netIncome,reportedDate,reportedEPS,estimatedEPS,commonStockSharesOutstanding,operatingCashflow,capitalExpenditures,eps_computed_simple,freeCashFlow
2005-09-30,8970400000,252700000,2005-11-03,0.3,0.3,845000000,250400000,408600000,0.29905325443786984,-158200000
2005-12-31,9732000000,406400000,2006-02-02,0.41,0.4,845000000,760600000,355100000,0.4809467455621302,405500000
2006-03-31,9979200000,329600000,2006-05-04,0.39,0.38,848500000,171700000,283700000,0.38845020624631704,-112000000
2006-06-30,10564400000,337900000,2006-08-03,0.4,0.37,850600000,551900000,379100000,0.39724900070538444,172800000
2006-09-30,11208800000,284200000,2006-11-01,0.33,0.32,855400000,269600000,453300000,0.3322422258592471,-183700000
2006-12-31,12066300000,417200000,2007-02-01,0.45,0.44,855000000,749200000,652800000,0.487953216374269,96400000
2007-03-31,13184600000,408900000,2007-05-08,0.43,0.45,939800000,707700000,311900000,0.43509257288784847,395800000
2007-06-30,20703300000,723600000,2007-08-02,0.47,0.46,1542500000,719500000,466100000,0.4691085899513776,253400000
2007-09-30,20495200000,689500000,2007-11-01,0.45,0.44,1521200000,445500000,454700000,0.4532605837496713,-9200000
2007-12-31,21942400000,815000000,2008-01-31,0.55,0.55,1483000000,1357000000,572600000,0.5495616992582603,784400000
2008-03-31,21326000000,748500000,2008-05-01,0.55,0.55,1467700000,740800000,400300000,0.5099816038700007,340500000
2008-06-30,21140300000,774800000,2008-07-31,0.6,0.6,1468700000,651300000,569000000,0.5275413631102336,82300000
2008-09-30,20863400000,736000000,2008-10-30,0.6,0.6,1469700000,786200000,513900000,0.5007824726134585,272300000
2008-12-31,24142200000,952800000,2009-02-19,0.7,0.69,1450000000,1768800000,696700000,0.6571034482758621,1072100000
2009-03-31,23394000000,738000000,2009-05-05,0.55,0.54,1469000000,771000000,466000000,0.5023825731790333,305000000
2009-06-30,24871000000,886000000,2009-08-04,0.65,0.64,1471800000,552000000,625000000,0.6019839652126647,-73000000
2009-09-30,24642000000,1021000000,2009-11-05,0.65,0.64,1445000000,907000000,661000000,0.7065743944636678,246000000
2009-12-31,25822100000,1049800000,2010-02-08,0.79,0.78,1386000000,1804400000,795500000,0.7574314574314575,1008900000
2010-03-31,23760000000,771000000,2010-05-04,0.6,0.58,1396000000,1060000000,401000000,0.5522922636103151,659000000
2010-06-30,24007000000,821000000,2010-07-28,0.65,0.68,1369000000,652000000,465000000,0.5997078159240321,187000000
2010-09-30,23711000000,809000000,2010-11-03,0.65,0.65,1368000000,1292000000,513000000,0.591374269005848,779000000
2010-12-31,24772000000,1026000000,2011-02-03,0.8,0.79,1362000000,1775000000,626000000,0.7533039647577092,1149000000
2011-03-31,25695000000,713000000,2011-05-05,0.57,0.55,1371000000,1866000000,309000000,0.5200583515681984,1557000000
2011-06-30,26414000000,816000000,2011-08-04,0.65,0.64,1364000000,1207000000,401000000,0.5982404692082112,806000000
2011-09-30,26674000000,868000000,2011-11-03,0.7,0.68,1340000000,1962000000,458000000,0.6477611940298508,1504000000
2011-12-31,28317000000,1064000000,2012-02-08,0.89,0.89,1299000000,821000000,704000000,0.8190916089299461,117000000
2012-03-31,30798000000,776000000,2012-05-02,0.65,0.63,1309000000,2786000000,376000000,0.5928189457601223,2410000000
2012-06-30,30714000000,966000000,2012-08-07,0.81,0.8,1287000000,1231000000,442000000,0.7505827505827506,789000000
2012-09-30,30227000000,1006000000,2012-11-06,0.85,0.84,1274000000,923000000,496000000,0.7896389324960753,427000000
2012-12-31,31394000000,1129000000,2013-02-06,1.14,1.1,1249000000,1731000000,716000000,0.9039231385108086,1015000000
2013-03-31,30751000000,954000000,2013-05-01,0.83,0.79,1241000000,1640000000,318000000,0.7687348912167606,1322000000
2013-06-30,31248000000,1124000000,2013-08-06,0.97,0.96,1236000000,902000000,486000000,0.9093851132686084,416000000
2013-09-30,31932000000,1249000000,2013-11-05,1.05,1.02,1226000000,1703000000,526000000,1.0187601957585644,1177000000
2013-12-31,32782000000,1261000000,2014-02-11,1.12,1.11,1201000000,1538000000,654000000,1.0499583680266444,884000000
2014-03-31,32689000000,1129000000,2014-05-02,1.02,1.04,1190000000,2172000000,388000000,0.9487394957983193,1784000000
2014-06-30,34602000000,1246000000,2014-08-05,1.13,1.1,1174000000,897000000,503000000,1.061328790459966,394000000
2014-09-30,35021000000,948000000,2014-11-04,1.15,1.13,1164000000,1645000000,545000000,0.8144329896907216,1100000000
2014-12-31,37055000000,1321000000,2015-02-10,1.21,1.2,1128000000,3423000000,700000000,1.1710992907801419,2723000000
2015-03-31,36332000000,1221000000,2015-05-01,1.14,1.08,1136000000,1984000000,419000000,1.0748239436619718,1565000000
2015-06-30,37169000000,1272000000,2015-08-04,1.22,1.2,1132000000,1037000000,523000000,1.1236749116607774,514000000
2015-09-30,38644000000,1246000000,2015-10-30,1.28,1.29,1121000000,1820000000,548000000,1.111507582515611,1272000000
2015-12-31,41146000000,1498000000,2016-02-09,1.53,1.53,1114000000,3571000000,877000000,1.3447037701974864,2694000000
2016-03-31,43215000000,1146000000,2016-05-03,1.18,1.16,1099000000,2439000000,598000000,1.042766151046406,1841000000
2016-06-30,43725000000,924000000,2016-08-02,1.32,1.3,1075000000,1647000000,504000000,0.8595348837209302,1143000000
2016-09-30,44615000000,1540000000,2016-11-08,1.59,1.57,1073000000,3934000000,505000000,1.4352283317800558,3429000000
2016-12-31,45971000000,1707000000,2017-02-09,1.71,1.67,1069000000,2121000000,617000000,1.5968194574368568,1504000000
2017-03-31,44514000000,952000000,2017-05-02,1.17,1.1,1035000000,3533000000,457000000,0.9198067632850242,3076000000
2017-06-30,45685000000,1098000000,2017-08-08,1.33,1.31,1024000000,1999000000,431000000,1.072265625,1568000000
2017-09-30,46181000000,1285000000,2017-11-06,1.5,1.48,1020000000,2611000000,524000000,1.2598039215686274,2087000000
2017-12-31,48385000000,3287000000,2018-02-08,1.92,1.89,1018000000,-136000000,506000000,3.2288801571709236,-642000000
2018-03-31,45743000000,998000000,2018-05-02,1.48,1.41,1019000000,2355000000,482000000,0.9793915603532876,1873000000
2018-06-30,46922000000,-2563000000,2018-08-08,1.69,1.61,1018000000,2934000000,430000000,-2.517681728880157,2504000000
2018-09-30,47490000000,1390000000,2018-11-06,1.73,1.71,1022000000,1097000000,540000000,1.360078277886497,557000000
2018-12-31,54909000000,-419000000,2019-02-20,2.14,2.05,1121000000,2479000000,585000000,-0.37377341659232827,1894000000
2019-03-31,61646000000,1421000000,2019-05-01,1.62,1.5,1302000000,1948000000,716000000,1.0913978494623655,1232000000
2019-06-30,63431000000,1936000000,2019-08-07,1.89,1.69,1302000000,5338000000,573000000,1.4869431643625193,4765000000
2019-09-30,64810000000,1530000000,2019-11-06,1.84,1.77,1305000000,2928000000,601000000,1.1724137931034482,2327000000
2019-12-31,66889000000,1747000000,2020-02-12,1.73,1.68,1310000000,2634000000,567000000,1.333587786259542,2067000000
2020-03-31,66755000000,2007000000,2020-05-06,1.91,1.63,1312000000,3305000000,742000000,1.5297256097560976,2563000000
2020-06-30,65341000000,2975000000,2020-08-05,2.64,1.93,1314000000,7119000000,448000000,2.2640791476407913,6671000000
2020-09-30,67056000000,1224000000,2020-11-06,1.66,1.33,1315000000,1874000000,534000000,0.9307984790874525,1340000000
2020-12-31,69554000000,973000000,2021-02-16,1.3,1.24,1317000000,3567000000,713000000,0.738800303720577,2854000000
2021-03-31,69097000000,2223000000,2021-05-04,2.04,1.72,1322000000,2892000000,829000000,1.6815431164901664,2063000000
2021-06-30,72616000000,2783000000,2021-08-04,2.42,2.06,1327000000,5847000000,486000000,2.097211755840241,5361000000
2021-09-30,73794000000,1598000000,2021-11-03,1.97,1.78,1329000000,5521000000,608000000,1.2024078254326562,4913000000
2021-12-31,76604000000,1306000000,2022-02-09,1.98,1.93,1336000000,4005000000,597000000,0.9775449101796407,3408000000
2022-03-31,76826000000,2354000000,2022-05-04,2.22,2.15,1328000000,3563000000,1051000000,1.7725903614457832,2512000000
2022-06-30,80636000000,3029000000,2022-08-03,2.4,2.17,1321000000,5443000000,408000000,2.292959878879637,5035000000
2022-09-30,81159000000,-3406000000,2022-11-02,2.09,1.99,1315000000,9123000000,580000000,-2.5901140684410646,8543000000
2022-12-31,83846000000,2302000000,2023-02-08,1.99,1.92,1319000000,-1952000000,688000000,1.7452615617892342,-2640000000
2023-03-31,85278000000,2136000000,2023-05-03,2.2,2.09,1291000000,7438000000,984000000,1.6545313710302092,6454000000
2023-06-30,88921000000,1901000000,2023-08-02,2.21,2.11,1287000000,5908000000,591000000,1.477078477078477,5317000000
2023-09-30,89764000000,2261000000,2023-11-01,2.21,2.13,1290000000,2716000000,545000000,1.7527131782945737,2171000000
2023-12-31,93813000000,2046000000,2024-02-07,2.12,1.99,1293000000,-2636000000,911000000,1.5823665893271461,-3547000000
2024-03-31,88437000000,1113000000,2024-05-01,1.31,1.7,1267000000,4903000000,705000000,0.8784530386740331,4198000000
2024-06-30,91234000000,1770000000,2024-08-07,1.83,1.73,1259000000,3089000000,638000000,1.4058776806989675,2451000000
2024-09-30,95428000000,87000000,2024-11-06,1.09,1.46,1259000000,-745000000,670000000,0.06910246227164417,-1415000000
2024-12-31,97710000000,1644000000,2025-02-12,1.19,0.92,1261000000,1860000000,768000000,1.3037272006344172,1092000000
2025-03-31,94588000000,1779000000,2025-05-01,2.25,1.67,1264000000,4556000000,743000000,1.4074367088607596,3813000000
2025-06-30,98915000000,1021000000,2025-07-31,1.81,1.46,1270000000,1897000000,607000000,0.8039370078740158,1290000000
2025-09-30,102871000000,-3975000000,2025-10-29,1.6,1.36,1269000000,796000000,698000000,-3.132387706855792,98000000
