fiscalDateEnding,totalRevenue,netIncome,reportedDate,reportedEPS,estimatedEPS,commonStockSharesOutstanding,operatingCashflow,capitalExpenditures,eps_computed_simple,freeCashFlow
2005-09-30,4564000000,15000000,2005-11-02,0.54,0.59,750000000,1128000000,832000000,0.02,296000000
2005-12-31,5108000000,257000000,2006-01-26,0.51,0.36,693506494,125000000,940000000,0.3705805240808603,-815000000
2006-03-31,4951000000,534000000,2006-05-03,0.82,0.74,698039216,984000000,923000000,0.7649999996561798,61000000
2006-06-30,3496000000,161000000,2006-08-03,0.42,0.39,700000000,1005000000,1008000000,0.23,-3000000
2006-09-30,3973000000,653000000,2006-11-01,0.94,0.78,705945946,1497000000,943000000,0.924999999929173,554000000
2006-12-31,3936000000,31000000,2007-01-31,0.39,0.39,696923077,519000000,1178000000,0.04448123619818088,-659000000
2007-03-31,4661000000,453000000,2007-05-02,0.75,0.74,696923077,1210000000,1047000000,0.6499999999282561,163000000
2007-06-30,3730000000,-530000000,2007-08-01,0.45,0.44,697368421,763000000,1309000000,-0.7600000000573585,-546000000
2007-09-30,3589000000,2317000000,2007-11-01,0.86,0.85,639600000,310000000,881000000,3.6225766103814885,-571000000
2007-12-31,3694000000,299000000,2008-01-30,0.52,0.55,576271186,-2529000000,735000000,0.5188529415732405,-3264000000
2008-03-31,4353000000,680000000,2008-05-01,1.0,0.89,578400000,551000000,697000000,1.1756569847856155,-146000000
2008-06-30,3399000000,298000000,2008-07-31,0.5,0.51,580700000,-23000000,919000000,0.5131737558119511,-942000000
2008-09-30,4365000000,508000000,2008-10-30,0.94,0.9,582000000,887000000,857000000,0.872852233676976,30000000
2008-12-31,4218000000,349000000,2009-01-29,0.72,0.68,585300000,1244000000,1081000000,0.596275414317444,163000000
2009-03-31,4586000000,248000000,2009-04-30,0.97,0.88,585700000,1477000000,837000000,0.4234249615844289,640000000
2009-06-30,3406000000,454000000,2009-07-31,0.68,0.64,594000000,425000000,951000000,0.7643097643097643,-526000000
2009-09-30,3630000000,594000000,2009-10-30,0.99,0.9,596300000,1080000000,1096000000,0.9961428811001174,-16000000
2009-12-31,3255000000,-9000000,2010-01-28,0.63,0.6,599900000,804000000,953000000,-0.015002500416736123,-149000000
2010-03-31,4168000000,174000000,2010-04-29,0.96,0.94,600900000,1650000000,904000000,0.2895656515227159,746000000
2010-06-30,3333000000,1761000000,2010-07-28,0.72,0.67,591400000,-244000000,750000000,2.9776800811633413,-994000000
2010-09-30,3950000000,575000000,2010-10-29,1.03,1.07,586400000,478000000,855000000,0.9805593451568895,-377000000
2010-12-31,3746000000,298000000,2011-01-28,0.63,0.66,579800000,-59000000,913000000,0.5139703345981372,-972000000
2011-03-31,4057000000,479000000,2011-04-28,0.93,0.91,580500000,912000000,806000000,0.8251507321274764,106000000
2011-06-30,3288000000,336000000,2011-07-28,0.59,0.6,575200000,375000000,829000000,0.5841446453407511,-454000000
2011-09-30,3745000000,392000000,2011-10-28,0.95,0.93,571200000,1111000000,981000000,0.6862745098039216,130000000
2011-12-31,3178000000,201000000,2012-01-27,0.58,0.64,570500000,585000000,1036000000,0.3523225241016652,-451000000
2012-03-31,3397000000,494000000,2012-04-26,0.85,0.87,571900000,1623000000,981000000,0.8637873754152824,642000000
2012-06-30,3005000000,258000000,2012-08-01,0.59,0.6,573100000,775000000,979000000,0.4501832140987611,-204000000
2012-09-30,3332000000,209000000,2012-10-25,0.92,0.97,574700000,1064000000,924000000,0.3636680006960153,140000000
2012-12-31,3167000000,-659000000,2013-01-31,0.69,0.69,576600000,675000000,1261000000,-1.1429066944155393,-586000000
2013-03-31,3523000000,495000000,2013-04-25,0.83,0.88,577500000,1052000000,904000000,0.8571428571428571,148000000
2013-06-30,2980000000,202000000,2013-08-06,0.62,0.65,578900000,739000000,1046000000,0.34893764035239244,-307000000
2013-09-30,3432000000,569000000,2013-11-05,1.0,0.9,580100000,1159000000,1028000000,0.9808653680399931,131000000
2013-12-31,3185000000,431000000,2014-01-31,0.8,0.89,581600000,483000000,1126000000,0.7410591471801926,-643000000
2014-03-31,3630000000,379000000,2014-04-30,1.04,0.97,582900000,753000000,1120000000,0.650197289414994,-367000000
2014-06-30,2813000000,159000000,2014-07-30,0.62,0.62,583900000,694000000,1269000000,0.272306901866758,-575000000
2014-09-30,3050000000,529000000,2014-10-31,0.93,0.95,584600000,963000000,1353000000,0.904892234006158,-390000000
2014-12-31,2943000000,243000000,2015-02-06,0.84,0.83,587900000,1029000000,1603000000,0.4133356012927369,-574000000
2015-03-31,3409000000,536000000,2015-05-04,0.99,0.96,589900000,1131000000,1014000000,0.9086285811154433,117000000
2015-06-30,2747000000,413000000,2015-08-05,0.73,0.72,592500000,1029000000,1356000000,0.6970464135021097,-327000000
2015-09-30,2971000000,593000000,2015-11-02,1.03,1.05,595500000,1293000000,1262000000,0.9958018471872376,31000000
2015-12-31,2556000000,357000000,2016-02-01,0.7,0.89,596600000,1022000000,1943000000,0.5983908816627557,-921000000
2016-03-31,2921000000,524000000,2016-05-04,0.96,0.94,598200000,1192000000,1497000000,0.8759612169842862,-305000000
2016-06-30,2598000000,452000000,2016-08-03,0.71,0.71,617000000,826000000,1663000000,0.7325769854132901,-837000000
2016-09-30,3132000000,690000000,2016-10-31,1.14,1.07,627272727,1368000000,1397000000,1.1000000004782609,-29000000
2016-12-31,3086000000,457000000,2017-02-01,0.99,1.0,628000000,741000000,1568000000,0.7277070063694268,-827000000
2017-03-31,3384000000,632000000,2017-05-04,0.97,0.96,628100000,1360000000,1529000000,1.0062092023563127,-169000000
2017-06-30,2813000000,390000000,2017-08-02,0.67,0.67,629200000,1000000000,1499000000,0.6198347107438017,-499000000
2017-09-30,3179000000,665000000,2017-10-30,1.04,1.02,645631068,1312000000,1437000000,1.0299999999380451,-125000000
2017-12-31,3210000000,1312000000,2018-01-29,0.91,0.89,645000000,885000000,1444000000,2.034108527131783,-559000000
2018-03-31,3466000000,503000000,2018-04-27,1.14,1.04,653246753,1232000000,1110000000,0.7700000002908549,122000000
2018-06-30,3088000000,449000000,2018-08-01,0.86,0.79,653100000,1193000000,987000000,0.6874904302557036,206000000
2018-09-30,3451000000,854000000,2018-11-01,1.15,1.13,655000000,1286000000,1122000000,1.3038167938931298,164000000
2018-12-31,3361000000,641000000,2019-02-01,0.89,0.9,681000000,1062000000,1186000000,0.9412628487518355,-124000000
2019-03-31,3858000000,-680000000,2019-05-03,1.1,1.11,793100000,1171000000,1031000000,-0.8573950321523137,140000000
2019-06-30,3970000000,54000000,2019-07-31,0.77,0.76,802600000,1142000000,1233000000,0.0672813356591079,-91000000
2019-09-30,3782000000,975000000,2019-11-01,1.18,1.14,813000000,1396000000,1143000000,1.1992619926199262,253000000
2019-12-31,4475000000,1009000000,2020-02-11,1.18,1.16,838000000,1495000000,1914000000,1.204057279236277,-419000000
2020-03-31,3938000000,-270000000,2020-05-05,1.09,1.09,838200000,1633000000,1470000000,-0.3221188260558339,163000000
2020-06-30,3106000000,-1169000000,2020-07-31,0.82,0.76,840000000,1503000000,1632000000,-1.3916666666666666,-129000000
2020-09-30,3607000000,356000000,2020-11-05,1.08,0.99,833800000,1674000000,1307000000,0.42696090189493885,367000000
2020-12-31,3521000000,682000000,2021-02-12,0.81,0.8,812800000,417000000,1922000000,0.8390748031496063,-1505000000
2021-03-31,3870000000,1008000000,2021-05-04,1.09,1.08,805900000,1452000000,1351000000,1.2507755304628365,101000000
2021-06-30,3038000000,285000000,2021-08-06,0.76,0.77,806600000,788000000,1349000000,0.3533349863625093,-561000000
2021-09-30,3176000000,654000000,2021-11-05,1.11,1.06,810000000,1295000000,1529000000,0.8074074074074075,-234000000
2021-12-31,3880000000,1341000000,2022-02-11,0.9,0.91,811000000,502000000,1832000000,1.6535141800246609,-1330000000
2022-03-31,4279000000,711000000,2022-05-05,1.18,1.17,832000000,1125000000,1659000000,0.8545673076923077,-534000000
2022-06-30,3596000000,-453000000,2022-08-08,0.77,0.76,818400000,236000000,1681000000,-0.5535190615835777,-1445000000
2022-09-30,3963000000,778000000,2022-11-04,1.11,1.08,833200000,1310000000,2050000000,0.9337493999039846,-740000000
2022-12-31,4913000000,-42000000,2023-02-08,1.06,1.04,835000000,1029000000,2340000000,-0.05029940119760479,-1311000000
2023-03-31,3883000000,981000000,2023-05-05,0.99,0.97,835500000,2097000000,2231000000,1.1741472172351886,-134000000
2023-06-30,3166000000,583000000,2023-08-04,0.53,0.47,836200000,1097000000,2631000000,0.6972016264051663,-1534000000
2023-09-30,3810000000,163000000,2023-11-03,0.77,0.76,836800000,1992000000,2318000000,0.19478967495219884,-326000000
2023-12-31,3534000000,235000000,2024-02-22,0.29,0.38,838000000,1386000000,3055000000,0.28042959427207637,-1669000000
2024-03-31,3632000000,441000000,2024-05-02,0.55,0.55,837600000,1982000000,2930000000,0.5265042979942693,-948000000
2024-06-30,3486000000,572000000,2024-08-01,0.65,0.56,838300000,856000000,2991000000,0.6823332935703209,-2135000000
2024-09-30,3941000000,954000000,2024-11-01,0.98,0.93,839300000,1539000000,3000000000,1.1366615036339807,-1461000000
2024-12-31,3400000000,-76000000,2025-02-20,0.58,0.5545,852000000,641000000,3506000000,-0.0892018779342723,-2865000000
2025-03-31,4076000000,646000000,2025-05-01,0.93,0.76,852200000,1183000000,3214000000,0.7580380192443088,-2031000000
2025-06-30,3810000000,760000000,2025-08-01,0.75,0.68,852200000,1246000000,3012000000,0.8918094344050692,-1766000000
2025-09-30,4527000000,1006000000,2025-10-31,1.06,1.17,855400000,1945000000,3029000000,1.1760579845686228,-1084000000
