fiscalDateEnding,totalRevenue,netIncome,reportedDate,reportedEPS,estimatedEPS,commonStockSharesOutstanding,operatingCashflow,capitalExpenditures,eps_computed_simple,freeCashFlow
2005-09-30,4308000000,-1130000000,2005-11-10,-2.62,-3.0,168499257,100000000,143000000,-6.706261025234076,-43000000
2005-12-31,4143000000,-1235000000,2006-02-14,-4.13,-3.32,193913858,12000000,83000000,-6.36880732887074,-71000000
2006-03-31,3719000000,-2069000000,2006-05-11,-10.94,-2.15,193913858,701000000,92000000,-10.669686124237701,609000000
2006-06-30,4741000000,-2205000000,2006-08-11,-11.17,-2.65,197227191,246000000,72000000,-11.180000023424762,174000000
2006-09-30,4751000000,52000000,2006-11-13,-0.23,-1.57,236363636,97000000,95000000,0.22000000033846154,2000000
2006-12-31,4138000000,-1981000000,2007-02-15,-1.22,-1.03,196969697,-51000000,154000000,-10.057384613837325,-205000000
2007-03-31,4241000000,-130000000,2007-04-27,-0.6589,,197300000,360000000,155000000,-0.6588950836289914,205000000
2007-06-30,5003000000,1592000000,2007-07-18,0.7,0.59,340400000,455000000,173000000,4.676850763807286,282000000
2007-09-30,5227000000,220000000,2007-10-16,0.56,0.41,395100000,12000000,301000000,0.5568210579600101,-289000000
2007-12-31,4783000000,-70000000,2008-01-23,-0.18,-0.18,395600000,532000000,407000000,-0.1769464105156724,125000000
2008-03-31,4766000000,-6390000000,2008-04-23,-0.69,-0.55,395670000,283000000,586000000,-16.149821821214648,-303000000
2008-06-30,5499000000,-1044000000,2008-07-16,0.35,0.12,396000000,989000000,320000000,-2.6363636363636362,669000000
2008-09-30,5719000000,-50000000,2008-10-15,-0.07,-0.02,395700000,-990000000,310000000,-0.12635835228708617,-1300000000
2008-12-31,6713000000,-1438000000,2009-01-27,-0.5,-0.34,827080000,-1989000000,306000000,-1.7386468056294433,-2295000000
2009-03-31,6684000000,-794000000,2009-04-21,-0.84,-0.98,825000000,643000000,435000000,-0.9624242424242424,208000000
2009-06-30,7000000000,-257000000,2009-07-22,-0.24,-0.29,827000000,834000000,176000000,-0.31076178960096734,658000000
2009-09-30,7574000000,-161000000,2009-10-22,0.06,-0.04,828000000,-25000000,121000000,-0.19444444444444445,-146000000
2009-12-31,6805000000,-25000000,2010-01-26,-0.27,-0.24,832000000,-73000000,470000000,-0.030048076923076924,-543000000
2010-03-31,6848000000,-256000000,2010-04-20,-0.23,-0.24,832000000,966000000,328000000,-0.3076923076923077,638000000
2010-06-30,8168000000,467000000,2010-07-19,0.65,0.65,842000000,1034000000,196000000,0.5546318289786223,838000000
2010-09-30,8950000000,363000000,2010-10-20,1.1,0.94,842000000,514000000,397000000,0.4311163895486936,117000000
2010-12-31,7789000000,19000000,2011-01-18,0.19,0.25,837000000,318000000,421000000,0.022700119474313024,-103000000
2011-03-31,7747000000,-318000000,2011-04-26,-0.38,-0.51,837000000,788000000,340000000,-0.37992831541218636,448000000
2011-06-30,9153000000,198000000,2011-07-27,0.43,0.48,844000000,986000000,313000000,0.23459715639810427,673000000
2011-09-30,9816000000,549000000,2011-10-25,0.91,0.89,844000000,-98000000,233000000,0.6504739336492891,-331000000
2011-12-31,8399000000,425000000,2012-01-25,0.45,0.38,845000000,1158000000,368000000,0.5029585798816568,790000000
2012-03-31,8413000000,124000000,2012-04-25,-0.05,-0.04,847000000,831000000,407000000,0.14639905548996457,424000000
2012-06-30,9732000000,-168000000,2012-07-25,0.69,0.67,845000000,632000000,597000000,-0.19881656804733727,35000000
2012-09-30,9923000000,1047000000,2012-10-24,0.9,0.93,850000000,463000000,426000000,1.2317647058823529,37000000
2012-12-31,8602000000,6000000,2013-01-22,0.28,0.28,852000000,550000000,538000000,0.007042253521126761,12000000
2013-03-31,8500000000,7000000,2013-04-23,0.1,0.07,855000000,1004000000,647000000,0.008187134502923977,357000000
2013-06-30,9707000000,685000000,2013-07-24,0.98,0.95,859000000,1208000000,338000000,0.7974388824214202,870000000
2013-09-30,10490000000,1369000000,2013-10-22,1.41,1.36,861000000,1161000000,631000000,1.5900116144018583,530000000
2013-12-31,9076000000,8479000000,2014-01-21,0.65,0.64,858000000,1131000000,952000000,9.882284382284382,179000000
2014-03-31,8916000000,213000000,2014-04-23,0.33,0.29,853000000,951000000,614000000,0.24970691676436108,337000000
2014-06-30,10621000000,801000000,2014-07-23,1.04,1.04,850000000,2056000000,518000000,0.9423529411764706,1538000000
2014-09-30,11178000000,357000000,2014-10-16,1.2,1.18,843000000,1358000000,457000000,0.4234875444839858,901000000
2014-12-31,9647000000,-712000000,2015-01-20,0.78,0.77,825000000,582000000,660000000,-0.863030303030303,-78000000
2015-03-31,9388000000,746000000,2015-04-15,0.45,0.44,826000000,1636000000,586000000,0.9031476997578692,1050000000
2015-06-30,10707000000,1485000000,2015-07-15,1.27,1.21,811000000,2745000000,919000000,1.8310727496917385,1826000000
2015-09-30,11107000000,1315000000,2015-10-14,1.74,1.72,795000000,2067000000,562000000,1.6540880503144655,1505000000
2015-12-31,9502000000,980000000,2016-01-19,1.18,1.19,785000000,1479000000,878000000,1.2484076433121019,601000000
2016-03-31,9251000000,946000000,2016-04-14,1.32,1.3,780000000,1011000000,871000000,1.2128205128205127,140000000
2016-06-30,10447000000,1546000000,2016-07-14,1.47,1.42,763000000,3215000000,1046000000,2.0262123197903015,2169000000
2016-09-30,10483000000,1259000000,2016-10-13,1.7,1.65,744000000,1854000000,680000000,1.6922043010752688,1174000000
2016-12-31,9458000000,622000000,2017-01-12,0.82,0.82,737000000,1125000000,794000000,0.8439620081411127,331000000
2017-03-31,9101000000,561000000,2017-04-12,0.77,0.75,731000000,-801000000,802000000,0.7674418604651163,-1603000000
2017-06-30,10747000000,1186000000,2017-07-13,1.64,1.67,731000000,2386000000,988000000,1.622435020519836,1398000000
2017-09-30,11061000000,1159000000,2017-10-11,1.57,1.53,719000000,1645000000,941000000,1.611961057023644,704000000
2017-12-31,10245000000,572000000,2018-01-11,0.96,0.88,711904762,1918000000,1160000000,0.8034782607620765,758000000
2018-03-31,9968000000,557000000,2018-04-12,0.74,0.73,706000000,1343000000,1265000000,0.7889518413597734,78000000
2018-06-30,11775000000,1036000000,2018-07-12,1.77,1.72,697000000,2898000000,1581000000,1.4863701578192252,1317000000
2018-09-30,11953000000,1322000000,2018-10-11,1.8,1.74,688000000,1500000000,967000000,1.9215116279069768,533000000
2018-12-31,10742000000,1051000000,2019-01-15,1.3,1.26,683000000,1364000000,1363000000,1.5387994143484627,1000000
2019-03-31,10472000000,730000000,2019-04-10,0.96,0.91,667000000,1951000000,1360000000,1.0944527736131935,591000000
2019-06-30,12536000000,1443000000,2019-07-11,2.35,2.28,652000000,3272000000,1560000000,2.21319018404908,1712000000
2019-09-30,12560000000,1495000000,2019-10-10,2.32,2.27,648000000,2245000000,944000000,2.307098765432099,1301000000
2019-12-31,11439000000,1099000000,2020-01-14,1.7,1.39,644000000,957000000,1072000000,1.7065217391304348,-115000000
2020-03-31,8592000000,-534000000,2020-04-22,-0.51,-0.82,637000000,358000000,937000000,-0.8383045525902669,-579000000
2020-06-30,1468000000,-5717000000,2020-07-14,-4.43,-4.16,635000000,-290000000,282000000,-9.003149606299212,-572000000
2020-09-30,3062000000,-5379000000,2020-10-13,-3.3,-2.96,635000000,-2575000000,198000000,-8.470866141732284,-2773000000
2020-12-31,3973000000,-755000000,2021-01-14,-2.53,-2.45,635000000,-1286000000,548000000,-1.188976377952756,-1834000000
2021-03-31,4150000000,-1177000000,2021-04-15,-3.55,-3.17,636000000,691000000,438000000,-1.85062893081761,253000000
2021-06-30,7126000000,652000000,2021-07-14,-1.07,-1.39,642000000,1866000000,761000000,1.0155763239875388,1105000000
2021-09-30,9154000000,1212000000,2021-10-13,0.3,0.15,641000000,151000000,830000000,1.890795631825273,-679000000
2021-12-31,9470000000,-408000000,2022-01-13,0.22,0.15,637000000,555000000,1218000000,-0.640502354788069,-663000000
2022-03-31,9348000000,-940000000,2022-04-13,-1.23,-1.27,637000000,1771000000,1766000000,-1.4756671899529041,5000000
2022-06-30,13824000000,735000000,2022-07-13,1.44,1.72,641000000,2535000000,958000000,1.1466458658346335,1577000000
2022-09-30,13975000000,695000000,2022-10-13,1.51,1.53,641000000,869000000,1442000000,1.0842433697347893,-573000000
2022-12-31,13435000000,829000000,2023-01-13,1.48,1.32,641000000,1189000000,2200000000,1.2932917316692667,-1011000000
2023-03-31,12759000000,-363000000,2023-04-13,0.25,0.29,639000000,2235000000,1000000000,-0.568075117370892,1235000000
2023-06-30,15578000000,1827000000,2023-07-13,2.68,2.4,642000000,2609000000,1452000000,2.8457943925233646,1157000000
2023-09-30,15488000000,1108000000,2023-10-12,2.03,1.95,644000000,1076000000,1269000000,1.720496894409938,-193000000
2023-12-31,14223000000,2037000000,2024-01-12,1.28,1.16,644000000,545000000,1602000000,3.1630434782608696,-1057000000
2024-03-31,13748000000,37000000,2024-04-10,0.45,0.36,645000000,2408000000,1193000000,0.05736434108527132,1215000000
2024-06-30,16658000000,1305000000,2024-07-11,2.36,2.38,648000000,2449000000,1309000000,2.013888888888889,1140000000
2024-09-30,15677000000,1272000000,2024-10-10,1.5,1.52,647000000,1274000000,1328000000,1.9659969088098919,-54000000
2024-12-31,15559000000,843000000,2025-01-10,1.85,1.74,652000000,1894000000,1310000000,1.2929447852760736,584000000
2025-03-31,14040000000,240000000,2025-04-09,0.46,0.39,652000000,2378000000,1224000000,0.36809815950920244,1154000000
2025-06-30,16648000000,2130000000,2025-07-10,2.1,2.04,652000000,1857000000,1209000000,3.266871165644172,648000000
2025-09-30,16673000000,1417000000,2025-10-09,1.71,1.53,653000000,1847000000,1160000000,2.1699846860643186,687000000
