fiscalDateEnding,totalRevenue,netIncome,reportedDate,reportedEPS,estimatedEPS,commonStockSharesOutstanding,operatingCashflow,capitalExpenditures,eps_computed_simple,freeCashFlow
2006-03-31,659759000,12869000,2006-05-24,0.3267,,39389869,-8131000,12088000,0.32670837265287683,-20219000
2006-06-30,819590000,42194000,2006-08-09,0.88,0.7,48144592,48639000,31265000,0.8764016527546853,17374000
2006-09-30,920851000,26343000,2006-11-09,0.51,0.53,52015905,54487000,40746000,0.5064412509981322,13741000
2006-12-31,807500000,11594000,2007-03-08,0.22,0.21,50889869,15205000,13401000,0.22782530644753674,1804000
2007-03-31,805600000,20900000,2007-05-10,0.4,0.42,52153729,42300000,8200000,0.40073836331051227,34100000
2007-06-30,1103000000,67200000,2007-08-07,1.29,1.22,52255690,92900000,18800000,1.2859843588325022,74100000
2007-09-30,1064900000,20400000,2007-11-08,0.38,0.44,53237543,21200000,23000000,0.3831882324095986,-1800000
2007-12-31,1123600000,-12100000,2008-02-26,-0.23,-0.09,52299679,23500000,37700000,-0.23135897258566349,-14200000
2008-03-31,1218200000,-5000000,2008-05-06,-0.09,-0.16,53668058,60500000,35900000,-0.09316528650990129,24600000
2008-06-30,1449600000,4000000,2008-08-07,0.04,0.23,54418019,-16200000,35600000,0.07350506456326535,-51800000
2008-09-30,1465100000,25400000,2008-11-06,0.47,0.38,54380835,54600000,19900000,0.4670763146612221,34700000
2008-12-31,482300000,2100000,2009-03-05,0.33,-0.05,53680570,-70600000,10700000,0.03912029995210557,-81300000
2009-03-31,352700000,100000,2009-05-07,-0.05,0.13,53682070,87500000,80800000,0.0018628193733959961,6700000
2009-06-30,595500000,26500000,2009-08-06,0.24,0.21,54988101,35200000,71900000,0.48192244354828695,-36700000
2009-09-30,817900000,-4800000,2009-11-05,-0.13,0.04,53700497,28600000,900000,-0.08938464759460234,27700000
2009-12-31,900600000,-21100000,2010-03-11,-0.5,-0.28,53700497,-13500000,16400000,-0.3929200133846061,-29900000
2010-03-31,892900000,-14100000,2010-05-06,-0.26,-0.23,53920639,-8100000,9800000,-0.2614954173669937,-17900000
2010-06-30,997700000,15000000,2010-08-05,0.23,0.12,54370369,58200000,14800000,0.2758855655366253,43400000
2010-09-30,875500000,-9900000,2010-11-04,-0.18,-0.11,54385007,-10100000,15700000,-0.18203546429625356,-25800000
2010-12-31,989500000,-70900000,2011-03-09,-0.14,-0.15,54385007,31000000,16700000,-1.3036681230913512,14300000
2011-03-31,1143500000,16900000,2011-05-04,0.31,0.23,54567765,91200000,12000000,0.30970665556853944,79200000
2011-06-30,1848700000,54900000,2011-08-03,0.8,0.69,57263271,-237200000,13600000,0.9587297239796169,-250800000
2011-09-30,2205000000,92500000,2011-11-02,1.62,1.6,58579804,170500000,24500000,1.579042497308458,146000000
2011-12-31,2001000000,-6000000,2012-03-07,-0.07,-0.16,57973790,105600000,30900000,-0.10349504491598703,74700000
2012-03-31,2170400000,46200000,2012-05-03,0.79,0.61,58750074,45600000,20700000,0.7863819882167298,24900000
2012-06-30,2134200000,67800000,2012-08-08,1.17,1.03,59175544,144900000,29700000,1.145743586235557,115200000
2012-09-30,2237600000,100300000,2012-11-08,1.67,1.54,60146933,80400000,29800000,1.6675829505720599,50600000
2012-12-31,2184500000,64300000,2013-03-07,1.06,1.0,60424529,192000000,51800000,1.0641373803674994,140200000
2013-03-31,2324700000,77500000,2013-05-08,1.28,1.18,60645717,81500000,28000000,1.2779138220098873,53500000
2013-06-30,2247000000,46600000,2013-08-07,0.71,0.79,59830885,-28400000,36500000,0.7788619539891479,-64900000
2013-09-30,2376900000,-1700000,2013-11-06,0.04,0.06,59727244,-20000000,52800000,-0.028462722974460366,-72800000
2013-12-31,1937700000,-4700000,2014-02-26,-0.01,0.17,59769744,69400000,105000000,-0.07863510340616484,-35600000
2014-03-31,1865700000,33700000,2014-05-07,0.27,0.15,59878013,63700000,114300000,0.5628109269424154,-50600000
2014-06-30,2374700000,54900000,2014-08-06,1.16,1.01,59875261,108300000,39100000,0.9169062327761711,69200000
2014-09-30,2322200000,72500000,2014-11-05,1.22,1.14,59302788,51900000,39900000,1.2225394866764105,12000000
2014-12-31,1761700000,37500000,2015-02-23,0.64,0.39,58490859,93000000,63600000,0.6411258210449602,29400000
2015-03-31,1150600000,-16100000,2015-05-05,0.14,0.07,57289925,-39200000,97900000,-0.28102672503062276,-137100000
2015-06-30,1693100000,48300000,2015-08-03,0.89,1.05,61114471,131600000,47700000,0.7903201845598893,83900000
2015-09-30,1554200000,18700000,2015-11-03,0.64,0.78,63658386,99300000,37500000,0.2937554841556932,61800000
2015-12-31,1364100000,-31500000,2016-02-25,-0.07,-0.09,62164706,-11700000,38200000,-0.506718394196218,-49900000
2016-03-31,1105900000,-29200000,2016-05-05,-0.86,-0.53,62132007,71900000,19900000,-0.4699671137293215,52000000
2016-06-30,1426400000,-7000000,2016-08-03,-0.08,-0.26,61827201,84700000,9100000,-0.11321877566477577,75600000
2016-09-30,1079900000,-161700000,2016-10-31,-0.18,-0.17,61834968,-35100000,100000,-2.6150252070964117,-35200000
2016-12-31,1084600000,44200000,2017-02-27,-0.44,-0.55,61894229,146700000,18100000,0.7141215055768769,128600000
2017-03-31,1182200000,11200000,2017-05-08,-0.3,-0.31,62589210,-42100000,19000000,0.17894458166191904,-61100000
2017-06-30,1230700000,-37900000,2017-08-02,-0.09,-0.01,62054485,5800000,16000000,-0.6107535982290402,-10200000
2017-09-30,2341500000,104400000,2017-11-08,0.81,0.66,81245405,119600000,78900000,1.2849957483749388,40700000
2017-12-31,2483700000,211100000,2018-02-26,0.5,0.4,82645060,248800000,63600000,2.5542966512457004,185200000
2018-03-31,2353200000,-34900000,2018-05-07,-0.09,-0.13,82252405,-190700000,72600000,-0.4243037027306375,-263300000
2018-06-30,2563500000,79100000,2018-08-07,1.36,1.17,90244357,54300000,70400000,0.8765090985134949,-16100000
2018-09-30,2495200000,179800000,2018-11-06,2.02,2.0,89021260,337600000,86700000,2.0197422503343585,250900000
2018-12-31,2413400000,121600000,2019-02-19,1.59,1.25,82528339,359100000,94000000,1.4734332651478663,265100000
2019-03-31,2199900000,149300000,2019-05-06,1.54,0.47,78446690,133400000,124000000,1.9032033091517309,9400000
2019-06-30,2480300000,77300000,2019-08-05,1.17,0.84,77280692,102000000,75900000,1.0002498424832946,26100000
2019-09-30,2334300000,51300000,2019-11-04,0.78,0.68,75702311,213000000,106600000,0.6776543453211091,106400000
2019-12-31,2283700000,32700000,2020-02-25,-0.11,0.04,74700926,126800000,126400000,0.4377455776117153,400000
2020-03-31,1821200000,-314400000,2020-05-05,-1.74,-0.94,73437730,-154100000,189200000,-4.281178081076308,-343300000
2020-06-30,1535500000,87700000,2020-08-04,-1.5,-0.51,74028043,-169000000,48300000,1.1846861870980434,-217300000
2020-09-30,2062900000,-88100000,2020-11-04,-1.01,-1.38,73669310,-76700000,6800000,-1.1958846906534077,-83500000
2020-12-31,1882200000,-293200000,2021-02-23,-2.77,-1.93,73736637,116900000,27900000,-3.976313701423622,89000000
2021-03-31,2392200000,-70000000,2021-05-04,-1.69,-1.39,73803772,-34300000,48800000,-0.9484610081988764,-83100000
2021-06-30,2191500000,-56700000,2021-08-03,-0.88,-0.97,73911582,169200000,84600000,-0.7671328155308595,84600000
2021-09-30,2956500000,11800000,2021-11-04,0.13,-0.35,74492176,75300000,30500000,0.15840589755359005,44800000
2021-12-31,3108000000,-41900000,2022-02-23,-0.61,-0.74,74141908,165200000,59100000,-0.5651324754145793,106100000
2022-03-31,4459100000,6600000,2022-05-03,0.58,-0.12,73649266,26800000,31900000,0.08961392772061028,-5100000
2022-06-30,5982600000,361800000,2022-08-04,4.4,3.27,71679954,559100000,68600000,5.0474362748614485,490500000
2022-09-30,5324900000,7400000,2022-11-07,0.02,0.08,71109364,130200000,95400000,0.10406505674836299,34800000
2022-12-31,4479200000,-118700000,2023-02-28,0.88,0.81,68697820,-290800000,114100000,-1.7278568664915421,-404900000
2023-03-31,3924300000,64300000,2023-05-08,1.37,1.02,67369374,395100000,211900000,0.954439624153254,183200000
2023-06-30,4195600000,-8300000,2023-08-07,1.0,0.66,65773608,95100000,67000000,-0.12619043188264814,28100000
2023-09-30,4628800000,128700000,2023-11-07,2.02,1.33,65464969,432600000,62000000,1.9659369272747995,370600000
2023-12-31,4049100000,-164900000,2024-02-27,-1.46,-1.27,64046868,95200000,83000000,-2.574677031826131,12200000
2024-03-31,3128000000,-32600000,2024-05-07,-0.41,-0.45,64021988,166700000,39000000,-0.5092000579550888,127700000
2024-06-30,3308100000,-37200000,2024-08-06,-0.92,-1.31,64213899,-47800000,79900000,-0.5793138335985485,-127700000
2024-09-30,3042400000,-76800000,2024-11-06,-1.45,-1.61,64064000,-21600000,119300000,-1.1988011988011988,-140900000
2024-12-31,2373700000,-413800000,2025-02-25,-2.54,-2.8183,63235000,-163500000,191800000,-6.5438443899739065,-355300000
2025-03-31,2641900000,-172700000,2025-05-05,-2.32,-2.429,62116000,-62400000,140300000,-2.7802820529332215,-202700000
2025-06-30,2764600000,-106400000,2025-08-06,-1.75,-0.86,60506943,51400000,168300000,-1.758475882676803,-116900000
2025-09-30,2887000000,178000000,2025-11-07,7.13,-0.09,60944900,44000000,108000000,2.9206709667256816,-64000000
