fiscalDateEnding,totalRevenue,netIncome,reportedDate,reportedEPS,estimatedEPS,commonStockSharesOutstanding,operatingCashflow,capitalExpenditures,eps_computed_simple,freeCashFlow
2005-09-30,23653000,16403000,2005-11-03,0.5645,,28240000,17018000,109000,0.580842776203966,16909000
2006-03-31,19267000,13060000,2006-05-02,0.4491,,28240000,21494000,1000,0.46246458923512745,21493000
2006-06-30,23128000,16789000,2006-08-03,0.5751,,28240000,23017000,0,0.5945113314447592,23017000
2006-09-30,16897000,10392000,2006-11-06,0.357,,28240000,15451000,0,0.3679886685552408,15451000
2006-12-31,15623000,9969000,2007-03-06,0.3429,,28240000,12821000,0,0.3530099150141643,12821000
2007-03-31,14714000,9123000,2007-05-03,0.3138,,28240000,13765000,0,0.32305240793201134,13765000
2007-06-30,17613000,12082000,2007-08-07,0.4158,,28240000,14143000,0,0.4278328611898017,14143000
2007-09-30,14716000,9474000,2007-11-05,0.3251,,28240000,16675000,16000,0.3354815864022663,16659000
2007-12-31,18322000,12369000,2008-03-04,0.4246,,28240000,13849000,4000,0.4379957507082153,13845000
2008-03-31,21272000,15410000,2008-05-09,0.5293,,28240000,17203000,50000,0.5456798866855525,17153000
2008-06-30,28988000,23166000,2008-08-05,0.7969,,28240000,22683000,50000,0.8203257790368272,22633000
2008-09-30,24487000,18590000,2008-11-06,0.6373,,28240000,28082000,50000,0.65828611898017,28032000
2008-12-31,15178000,9617000,2009-03-03,0.3306,,28240000,14940000,50000,0.34054532577903684,14890000
2009-03-31,8824000,3654000,2009-05-08,0.1294,,28240000,11735000,79000,0.12939093484419265,11656000
2009-06-30,9684000,4720000,2009-08-06,0.1613,,28258000,7776000,0,0.16703234482270507,7776000
2009-09-30,10706000,4263000,2009-11-06,0.1429,,29840000,9181000,0,0.14286193029490615,9181000
2009-12-31,14417000,8769000,2010-02-22,0.2929,,29849000,8704000,0,0.2937786860531341,8704000
2010-03-31,15539000,8926000,2010-05-06,0.2893,,29849000,14155000,34000,0.29903849375188446,14121000
2010-06-30,14256000,7662000,2010-08-05,0.2498,,30675000,13430000,110000,0.2497799511002445,13320000
2010-09-30,14109000,9201000,2010-12-31,0.306,,30675000,15307000,25000,0.2999511002444988,15282000
2010-12-31,10815000,8229000,2011-03-31,0.2436,,30680000,9871000,0,0.26822033898305087,9871000
2011-03-31,12210000,7471000,2011-06-30,0.3071,,30675000,13930000,4000,0.24355338223308884,13926000
2011-06-30,14420000,9420000,2011-09-30,0.3631,,30675000,13684000,4000,0.30709046454767724,13680000
2011-09-30,13921000,11139000,2011-12-31,0.4624,,30675000,14892000,2000,0.36312958435207826,14890000
2011-12-31,13413000,12826000,2012-03-31,0.2287,,30680000,12990000,6000,0.4180573663624511,12984000
2012-03-31,13007000,7014000,2012-06-30,0.2719,,30675000,17547000,0,0.2286552567237164,17547000
2012-06-30,14924000,8339000,2012-09-30,0.2555,,30675000,14946000,0,0.27185004074979624,14946000
2012-09-30,12702000,7836000,2012-12-31,0.4398,,30675000,11543000,0,0.2554523227383863,11543000
2012-12-31,22571000,13490000,2013-03-31,0.2404,,30680000,12388000,0,0.43970013037809647,12388000
2013-03-31,13218000,7374000,2013-06-30,0.3795,,30675000,14635000,0,0.24039119804400977,14635000
2013-06-30,17295000,11640000,2013-09-30,0.3374,,30675000,13043000,0,0.37946210268948655,13043000
2013-09-30,16440000,10350000,2013-12-31,0.4144,,30675000,14830000,0,0.3374083129584352,14830000
2013-12-31,18916000,12711000,2014-03-31,0.4056,,30680000,13890000,0,0.4143089960886571,13890000
2014-03-31,17339000,12442000,2014-06-30,0.398,,30675000,16290000,0,0.4056071719641402,16290000
2014-06-30,17973000,12208000,2014-09-30,0.3445,,30675000,15992000,0,0.3979788101059495,15992000
2014-09-30,15716000,10569000,2014-12-31,0.2747,,30675000,14727000,0,0.34454767726161367,14727000
2014-12-31,14142000,8427000,2015-03-31,0.1264,,30680000,10651000,1056000,0.2746740547588005,9595000
2015-03-31,8804000,3878000,2015-06-30,0.1195,,30675000,10050000,0,0.12642216788916055,10050000
2015-06-30,8280000,3667000,2015-09-30,0.0841,,30675000,6023000,0,0.11954360228198858,6023000
2015-09-30,7387000,2580000,2015-12-31,0.0853,,30675000,6403000,0,0.08410757946210269,6403000
2015-12-31,7392000,2617000,2016-03-31,0.0469,,30680000,5216000,1056000,0.08529986962190352,4160000
2016-03-31,6126000,1438000,2016-06-30,0.1874,,30675000,4470000,0,0.04687856560717196,4470000
2016-06-30,10009000,5750000,2016-09-30,0.2092,,30675000,8950000,0,0.18744906275468623,8950000
2016-09-30,10679000,6417000,2016-12-31,0.2162,,30675000,8143000,0,0.20919315403422983,8143000
2016-12-31,10743000,6631000,2017-03-31,0.268,,30680000,6715000,1056000,0.21613428943937418,5659000
2017-03-31,12727000,8222000,2017-05-04,0.27,,30675000,10086000,0,0.2680358598207009,10086000
2017-06-30,12553000,8119000,2017-08-03,0.26,,30693000,11194000,40000,0.26452285537418957,11154000
2017-09-30,12480000,6951000,2017-11-03,0.22,,32280000,9994000,66000,0.2153345724907063,9928000
2017-12-31,19531000,13791000,2018-03-08,0.43,,32290000,12754000,950000,0.42709817280891915,11804000
2018-03-31,15883000,10589000,2018-05-03,0.33,,32280000,14485000,34000,0.3280359355638166,14451000
2018-06-30,21123000,15788000,2018-08-06,0.49,,32280000,18252000,32000,0.4890954151177199,18220000
2018-09-30,13938000,8918000,2018-11-01,0.28,,32280000,13948000,41000,0.276270136307311,13907000
2018-12-31,22334000,16646000,2019-02-21,0.52,,32280000,15839000,19000,0.5156753407682776,15820000
2019-03-31,19031000,13533000,2019-05-02,0.42,,32360000,17689000,0,0.41820148331273177,17689000
2019-06-30,20600000,13141000,2019-08-01,0.38,,34680000,17611000,0,0.37892156862745097,17611000
2019-09-30,19569000,12404000,2019-10-31,0.35,,34680000,19456000,0,0.3576701268742791,19456000
2019-12-31,19599000,11954000,2020-02-20,0.35,,34624000,11353000,0,0.3452518484288355,11353000
2020-03-31,15476000,8523000,2020-05-07,0.25,,34680000,17840000,0,0.24576124567474047,17840000
2020-06-30,6795000,1132000,2020-08-06,0.03,,34680000,8572000,0,0.03264129181084199,8572000
2020-09-30,12545000,5427000,2020-11-05,0.16,,34680000,5636000,0,0.1564878892733564,5636000
2020-12-31,12112000,6080000,2021-03-11,0.18,,34680000,7358000,0,0.17531718569780855,7358000
2021-03-31,17789000,11404000,2021-05-06,0.33,,34680000,10509000,0,0.3288350634371396,10509000
2021-06-30,21361000,15958000,2021-08-05,0.46,,34688000,17702000,0,0.46004381918819187,17702000
2021-09-30,23969000,17400000,2021-11-04,0.49,,35405000,19250000,0,0.4914560090382714,19250000
2021-12-31,30304000,23064000,2022-03-10,0.65,,35405000,22844000,0,0.651433413359695,22844000
2022-03-31,40401000,29542000,2022-05-05,0.8,,36991000,28415000,0,0.7986266929793734,28415000
2022-06-30,47459000,36071000,2022-08-04,0.96,,37555000,39029000,0,0.960484622553588,39029000
2022-09-30,44057000,32912999,2022-11-03,0.88,,37564000,45938000,0,0.8761846182515174,45938000
2022-12-31,38883000,28458000,2023-02-23,0.72,,38371493,33670000,0,0.7416443243425529,33670000
2023-03-31,40167000,27310000,2023-05-04,0.71,,38372000,38745000,0,0.7117168768893986,38745000
2023-06-30,30619000,19804000,2023-08-03,0.499,,38372000,29336000,0,0.5161054935890753,29336000
2023-09-30,42594000,29463000,2023-11-02,0.73,,38792000,33845000,0,0.7595122705712518,33845000
2023-12-31,50419000,36780000,2024-02-22,0.8968,,39583243,37916000,0,0.9291810678574265,37916000
2024-03-31,30979000,18167000,2024-05-02,0.4434,,39605000,27967000,0,0.4587047090013887,27967000
2024-06-30,37360000,23628000,2024-08-01,0.5688,,40088000,29421000,0,0.5894033127120335,29421000
2024-09-30,53472000,35140000,2024-10-31,0.8748,,40167000,43719000,0,0.8748475116389076,43719000
2024-12-31,39712000,13696000,2025-02-20,0.2893,,47340000,31532000,0,0.2893113645965357,31532000
2025-03-31,43164000,17642000,2025-04-30,0.3593,,47340000,33394000,0,0.37266582171525137,33394000
2025-06-30,32395000,11905000,2025-08-07,0.2515,,47340000,30522000,0,0.25147866497676385,30522000
2025-09-30,35416000,10767000,2025-11-06,0.2259,,47669000,34253000,0,0.22587006230464243,34253000
