fiscalDateEnding,totalRevenue,netIncome,reportedDate,reportedEPS,estimatedEPS,commonStockSharesOutstanding,operatingCashflow,capitalExpenditures,eps_computed_simple,freeCashFlow
2012-09-30,782265459,5838309,2012-12-31,0.0181,0.0,329887000,36910678,4724202,0.017697905646478947,32186476
2012-12-31,803099742,5993803,2013-03-31,0.0258,0.0,329887000,37893730,4850023,0.018169260989369086,33043707
2013-03-31,879751425,8524569,2013-06-30,0.0262,0.0,329887000,-12128259,3601127,0.02584087581505182,-15729386
2013-06-30,892560285,8648683,2013-09-30,0.0361,0.0,329887000,-12304842,3653558,0.0262171076762649,-15958400
2013-09-30,855714285,11930703,2013-12-31,0.0367,0.0,330807000,53059484,5258848,0.03606544903826098,47800636
2013-12-31,870680300,12139365,2014-03-31,0.0324,0.0,330807000,53987468,5350822,0.03669621561817011,48636646
2014-03-31,911293145,10761970,2014-06-30,0.0322,0.0,332107000,-21962108,3794695,0.03240512846763242,-25756803
2014-06-30,905429529,10692723,2014-09-30,0.0258,0.0,332107000,-21820795,3770278,0.03219662036632772,-25591073
2014-09-30,848281693,8580172,2014-12-31,0.0248,0.0,332869000,51291727,3764119,0.025776422556621374,47527608
2014-12-31,813576227,8229135,2015-03-31,0.025,0.0,332869000,49193245,3610119,0.024721842526639608,45583126
2015-03-31,768522318,8353655,2015-06-30,0.026,0.0,333472000,-21392275,3541386,0.02505054397370694,-24933661
2015-06-30,796857699,8661654,2015-09-30,0.0241,0.0,333472000,-22181008,3671957,0.02597415675079167,-25852965
2015-09-30,806110150,8077116,2015-12-31,0.0234,0.0,336238000,56155906,5531499,0.024022020116703048,50624407
2015-12-31,784485473,7860439,2016-03-31,0.0268,0.0,336238000,54649470,5383111,0.023377604553917165,49266359
2016-03-31,904754285,8678321,2016-06-30,0.0261,0.0,323914000,-14340868,7857183,0.026792052828837284,-22198051
2016-06-30,882247209,8462435,2016-09-30,0.023,0.0,323914000,-13984119,7661724,0.026125561105725593,-21645843
2016-09-30,851803425,7467565,2016-12-31,0.0216,0.0,324366000,38939623,5942151,0.023022033751996202,32997472
2016-12-31,798145458,6997158,2017-03-31,0.0367,0.0,324366000,36486685,5567834,0.02157179852388968,30918851
2017-03-31,972720046,11939613,2017-06-30,0.0393,0.0,325210000,-7628294,9889042,0.036713548168875496,-17517336
2017-06-30,1041382638,12782410,2017-09-30,0.0461,0.0,325210000,-8166761,10587093,0.03930509516927524,-18753854
2017-09-30,1093743647,15036047,2017-12-31,0.0468,0.0,326312000,35966788,12385060,0.04607874365637794,23581728
2017-12-31,1110277744,15263347,2018-03-31,0.0443,0.0,326312000,36510497,12572285,0.04677531626173723,23938212
2018-03-31,1143769401,16717171,2018-06-30,0.042,0.0,376838000,-14549765,8733062,0.044361691230714526,-23282827
2018-06-30,1084203643,15846567,2018-09-30,0.0129,0.0,376838000,-13792036,8278257,0.042051404051608385,-22070293
2018-09-30,1085771418,5021476,2018-12-31,0.0127,0.0,389456000,39799164,6827838,0.012893564356435643,32971326
2018-12-31,1071466949,4955321,2019-03-31,0.0628,0.0,389456000,39274831,6737885,0.012723699211207428,32536946
2019-03-31,1027817162,24464385,2019-06-30,0.0637,0.0,389343000,-14901850,6683118,0.06283504519151493,-21584968
2019-06-30,1041959290,24801000,2019-09-30,0.0136,0.0,389343000,-15106891,6775073,0.06369961704717948,-21881964
2019-09-30,1033762807,5276869,2019-12-31,0.014,0.0,389247000,54690429,4143230,0.013556608014962222,50547199
2019-12-31,1045967193,676630,2020-03-31,0.0214,0.0,388524962,48761501,9333241,0.0017415354640714178,39428260
2020-06-30,1119058000,19562000,2020-09-30,0.0204,0.0,94877644,-37679000,8669000,0.20618134236132593,-46348000
2020-09-30,1188449000,17035000,2020-12-31,0.0213,0.0,94877644,-37679000,8669000,0.17954703849939613,-46348000
2020-12-31,1054655000,7560000,2021-03-31,0.0547,0.0,93098644,84081000,5836000,0.08120419025651975,78245000
2021-03-31,1051139000,21309000,2021-06-02,0.705,0.0,93098644,-37679000,8669000,0.22888625531430942,-46348000
2021-06-30,1209598000,29239000,2021-08-02,0.56,0.452,91637711,39586000,8842000,0.31907169745870234,30744000
2021-09-30,1942185000,-28516000,2021-12-03,0.04,0.24,82166000,-21167000,15279000,-0.3470535257892559,-36446000
2021-12-31,2251480000,-29251000,2022-03-15,0.14,0.1,95212000,35639000,32648000,-0.30721967819182455,2991000
2022-03-31,1970231000,-1394000,2022-05-24,0.3,0.35,94909000,-145291000,17330000,-0.014687753532330969,-162621000
2022-06-30,2050909000,41272000,2022-08-23,0.44,0.38,94913000,267230000,22088000,0.4348403274577771,245142000
2022-09-30,1960695000,39837000,2022-11-17,0.14,0.1,94908000,-384000,19137000,0.41974333038310785,-19521000
2022-12-31,2042568000,6781000,2023-03-07,0.09,0.05,94928000,117337000,31416000,0.07143308612843419,85921000
2023-03-31,1989167000,14159000,2023-05-18,0.34,0.18,95024000,15227000,19891000,0.14900446203064488,-4664000
2023-06-30,2141174000,42275000,2023-08-17,0.51,0.34,95112000,58619000,21114000,0.4444759862057364,37505000
2023-09-30,2042672000,45292000,2023-11-16,0.24,0.11,95148000,83288000,10329000,0.47601631143061335,72959000
2023-12-31,2072255000,22337000,2024-02-29,0.16,0.08,95187000,134621000,26707000,0.2346643974492315,107914000
2024-03-31,2121374000,70143000,2024-05-15,0.43,0.31,95229000,-29585000,18238000,0.7365718426109693,-47823000
2024-06-30,2124091000,80117000,2024-08-14,0.49,0.43,95340000,52925000,17455000,0.8403293475980701,35470000
2024-09-30,2062414000,14402000,2024-11-13,0.19,0.2,95614000,105921000,21095000,0.1506264772941201,84826000
2024-12-31,2167464000,-39149000,2025-02-26,0.16,0.0765,95471000,155670000,25647000,-0.4100616941270124,130023000
2025-03-31,2099404000,38912000,2025-05-13,0.35,0.392,95677000,-102580000,52836000,0.4067017151457508,-155416000
2025-06-30,2428427000,9966000,2025-08-11,0.46,0.51,95850000,13414000,19360000,0.10397496087636933,-5946000
2025-09-30,2278915000,5105000,2025-11-10,0.16,0.18,95979000,84148000,20905000,0.053188718365475784,63243000
