fiscalDateEnding,totalRevenue,netIncome,reportedDate,reportedEPS,estimatedEPS,commonStockSharesOutstanding,operatingCashflow,capitalExpenditures,eps_computed_simple,freeCashFlow
2005-09-30,573318000,67799000,2005-11-09,0.39,0.38,200525000,125107000,17562000,0.338107467896771,107545000
2005-12-31,587028000,75334000,2006-01-18,0.42,0.4,214871000,83474000,14059000,0.35060105830940425,69415000
2006-03-31,601129000,81762000,2006-04-26,0.44,0.42,217919000,97957000,13047000,0.3751944529848246,84910000
2006-06-30,626448000,85585000,2006-07-19,0.49,0.46,220109000,119986000,26511000,0.388830079642359,93475000
2006-09-30,665445000,75955000,2006-11-01,0.5,0.49,206450000,127803000,27100000,0.36790990554613706,100703000
2006-12-31,691032000,93342000,2007-01-17,0.53,0.5,222718000,99081000,50568000,0.4191039790228001,48513000
2007-03-31,706361000,87171000,2007-04-26,0.52,0.5,222499000,91222000,34321000,0.39178153609679145,56901000
2007-06-30,712091000,88181000,2007-07-18,0.54,0.51,223775000,126460000,41370000,0.394060998771087,85090000
2007-09-30,726689000,96243000,2007-10-31,0.54,0.54,208109000,107232000,40167000,0.4624643816461566,67065000
2007-12-31,742250000,95664000,2008-01-22,0.56,0.56,222039000,93146000,34509000,0.43084323024333565,58637000
2008-03-31,774281000,99859000,2008-04-17,0.58,0.57,219786000,97299000,34617000,0.4543465006870319,62682000
2008-06-30,820288000,100672000,2008-07-23,0.61,0.6,219120000,115093000,32404000,0.45943775100401607,82689000
2008-09-30,825277000,82711000,2008-11-05,0.54,0.62,202454000,178083000,34293000,0.40854218736107956,143790000
2008-12-31,753839000,74247000,2009-01-21,0.55,0.55,213069000,141286000,30235000,0.34846458189600554,111051000
2009-03-31,711084000,80630000,2009-04-22,0.5,0.49,210645000,80313000,17583000,0.38277670962994614,62730000
2009-06-30,690265000,85548000,2009-07-22,0.53,0.48,204252000,113880000,17656000,0.4188355560777863,96224000
2009-09-30,707419000,85751000,2009-11-04,0.53,0.49,205430000,183677000,17851000,0.41742199289295623,165826000
2009-12-31,724811000,88353000,2010-01-20,0.55,0.53,206656000,193507000,23801000,0.427536582533292,169706000
2010-03-31,743969000,68550000,2010-04-22,0.56,0.55,207691000,164568000,16273000,0.33005763369621216,148295000
2010-06-30,753249000,92265000,2010-07-21,0.58,0.57,205471000,179485000,19430000,0.44904147057248955,160055000
2010-09-30,762194000,94738000,2010-11-03,0.62,0.59,191599000,147638000,27441000,0.4944597831930229,120197000
2010-12-31,775181000,73391000,2011-01-25,0.52,0.54,192969000,162301000,35340000,0.38032533723033235,126961000
2011-03-31,788935000,94110000,2011-04-28,0.58,0.57,189232000,75545000,20116000,0.49732603365181366,55429000
2011-06-30,801409000,91785000,2011-07-27,0.61,0.6,184682000,150005000,24592000,0.4969894196510759,125413000
2011-09-30,812203000,87379000,2011-11-08,0.62,0.62,172712000,147641000,29731000,0.5059231553105749,117910000
2011-12-31,807010000,92731000,2012-02-01,0.64,0.64,173812000,149946000,28314000,0.5335132211815065,121632000
2012-03-31,808928000,101870000,2012-05-01,0.67,0.64,170971000,74536000,21890000,0.595832041691281,52646000
2012-06-30,808837000,98749000,2012-08-01,0.7,0.67,168290000,137531000,29019000,0.58677877473409,108512000
2012-09-30,822128000,98021000,2012-11-06,0.7,0.7,164689000,152056000,42830000,0.5951885068219492,109226000
2012-12-31,826359000,99015000,2013-01-30,0.73,0.71,163587000,145463000,29903000,0.6052742577344166,115560000
2013-03-31,832938000,104912000,2013-04-30,0.73,0.72,162884000,120071000,28463000,0.6440902728321996,91608000
2013-06-30,841332000,119558000,2013-07-31,0.83,0.73,162667000,173308000,21785000,0.7349861987987729,151523000
2013-09-30,845225000,88954000,2013-11-05,0.63,0.64,163326000,231705000,26573000,0.544640779790113,205132000
2013-12-31,864045000,101435000,2014-01-29,0.76,0.75,161845000,186538000,26743000,0.6267416355154624,159795000
2014-03-31,896854000,110357000,2014-04-30,0.81,0.78,162251000,131015000,25228000,0.6801622177983495,105787000
2014-06-30,902477000,109827000,2014-07-29,0.81,0.79,161725000,198805000,25910000,0.6790972329571804,172895000
2014-09-30,900261000,100503000,2014-11-04,0.78,0.79,159667000,192900000,33688000,0.6294538007227543,159212000
2014-12-31,906287000,130990000,2015-01-27,0.88,0.81,156285000,208413000,36732000,0.8381482547909268,171681000
2015-03-31,902578000,116261000,2015-04-29,0.82,0.82,155805000,135221000,22602000,0.7461955649690318,112619000
2015-06-30,907897000,107782000,2015-07-29,0.84,0.82,155064000,222213000,32167000,0.6950807408553887,190046000
2015-09-30,926776000,91130000,2015-11-10,0.84,0.82,155201000,206775000,29002000,0.5871740517135843,177773000
2015-12-31,921505000,100842000,2016-02-02,0.86,0.86,151577000,198843000,38253000,0.6652856304056685,160590000
2016-03-31,925935000,107720000,2016-05-04,0.92,0.87,150605000,117830000,29036000,0.7152484977258391,88794000
2016-06-30,930133000,105060000,2016-07-26,0.9,0.87,149494000,150853000,34083000,0.7027706797597228,116770000
2016-09-30,940656000,95709000,2016-11-08,0.89,0.89,148984000,152708000,28714000,0.6424112656392633,123994000
2016-12-31,954727000,97793000,2017-02-01,0.9,0.9,147154000,168028000,41736000,0.6645622952824932,126292000
2017-03-31,966009000,112560000,2017-05-09,0.94,0.93,146773000,107326000,28170000,0.7668985440101381,79156000
2017-06-30,966695000,119264000,2017-08-02,1.02,0.96,146100000,161750000,28659000,0.8163175906913073,133091000
2017-09-30,979724000,107209000,2017-11-08,0.94,0.95,146141000,199008000,34827000,0.733599742714228,164181000
2017-12-31,977711000,116873000,2018-01-30,1.06,0.97,144238000,164601000,51779000,0.810278844687253,112822000
2018-03-31,992340000,101727000,2018-05-10,0.95,0.95,143337000,113728000,110347000,0.7097051005671948,3381000
2018-06-30,1002198000,91530000,2018-07-31,1.03,1.03,142147000,163571000,35127000,0.6439108809893983,128444000
2018-09-30,1002588000,44266000,2018-11-08,0.99,0.98,141872000,115349000,33893000,0.31201364610352994,81456000
2018-12-31,1012055000,101692000,2019-02-05,0.98,0.99,140511000,109650000,37278000,0.7237298147475998,72372000
2019-03-31,1019657000,124279000,2019-05-14,1.06,1.03,138182000,168629000,20650000,0.8993863165969519,147979000
2019-06-30,1024704000,131448000,2019-08-07,1.19,1.11,136136000,164473000,35833000,0.9655638479167891,128640000
2019-09-30,1030253000,122027000,2019-11-12,1.08,1.08,136151000,213625000,34325000,0.8962622382501781,179300000
2019-12-31,1041957000,115932000,2020-02-04,1.06,1.05,134730000,163908000,58535000,0.860476508572701,105373000
2020-03-31,1047933000,127038000,2020-05-07,1.08,1.06,134288000,102868000,46170000,0.9460115572500893,56698000
2020-06-30,1026201000,120407000,2020-08-05,1.07,1.05,132568000,186680000,41250000,0.9082659465331,145430000
2020-09-30,1052948000,134463000,2020-11-10,1.23,1.19,132661000,204680000,59555000,1.0135834947723898,145125000
2020-12-31,1086343000,299632000,2021-02-02,1.16,1.14,130453000,416485000,50065000,2.2968578721838515,366420000
2021-03-31,1048734000,119067000,2021-05-12,1.13,1.13,129344000,119736000,49245000,0.9205452127659575,70491000
2021-06-30,1066254000,146150000,2021-08-04,1.35,1.18,128050000,189873000,50255000,1.14135103475205,139618000
2021-09-30,1087309000,123525000,2021-11-02,1.16,1.18,126820000,199713000,60873000,0.9740182936445355,138840000
2021-12-31,1104632000,133602000,2022-02-01,1.2,1.18,123687000,204118000,57225000,1.0801620218778045,146893000
2022-03-31,1145271000,158497000,2022-05-11,1.54,1.25,122010000,168856000,47271000,1.29904925825752,121585000
2022-06-30,1160290000,128466000,2022-08-03,1.27,1.27,123153000,166826000,40904000,1.0431414581861587,125922000
2022-09-30,1166504000,128936000,2022-11-08,1.29,1.29,122320000,216919000,81819000,1.0540876389797253,135100000
2022-12-31,1185720000,129667000,2023-01-31,1.45,1.32,121500000,83226000,33703000,1.0672181069958848,49523000
2023-03-31,1223304000,149603000,2023-05-11,1.47,1.47,121359000,294476000,35119000,1.2327309882250184,259357000
2023-06-30,1235962000,159428000,2023-08-02,1.57,1.48,120351000,172557000,28983000,1.3246919427341692,143574000
2023-09-30,1242564000,102011000,2023-11-07,1.42,1.42,118884000,272371000,26557000,0.8580717337909223,245814000
2023-12-31,1245199000,147965000,2024-02-06,1.56,1.56,115421000,182387000,43743000,1.2819590889006334,138644000
2024-03-31,1245849000,118502000,2024-05-09,1.56,1.56,117125000,132657000,19603000,1.0117566702241196,113054000
2024-06-30,1250059000,140289000,2024-08-07,1.62,1.6,115548000,191462000,16337000,1.2141188077682001,175125000
2024-09-30,1263882000,86441000,2024-11-12,1.7,1.7,115548000,217922000,25812000,0.7480960293557656,192110000
2024-12-31,1110055000,151133000,2025-02-03,1.66,1.64,113439000,105555000,27355000,1.3322843113920257,78200000
2025-03-31,1128203000,163243000,2025-05-07,1.78,1.7,112514000,172458000,15964000,1.4508683363848054,156494000
2025-06-30,1144437000,154001000,2025-08-06,1.72,1.71,111188000,241243000,29421000,1.385050545022844,211822000
2025-09-30,1150218000,97114000,2025-11-11,1.83,1.82,109853000,229840000,31212000,0.8840359389365788,198628000
