fiscalDateEnding,totalRevenue,netIncome,reportedDate,reportedEPS,estimatedEPS,commonStockSharesOutstanding,operatingCashflow,capitalExpenditures,eps_computed_simple,freeCashFlow
2005-11-30,1325093000,55057000,2005-12-15,0.35,0.31,156200000,42051000,85071000,0.35247759282970553,-43020000
2006-02-28,1474181000,105318000,2006-03-21,0.67,0.64,156900000,269682000,72900000,0.6712428298279158,196782000
2006-05-31,1512199000,92306000,2006-06-20,0.6,0.59,153800000,200306000,99083000,0.6001690507152145,101223000
2006-08-31,1359600000,88500000,2006-09-19,0.59,0.58,150300000,113453000,95569000,0.5888223552894212,17884000
2006-11-30,1298100000,61700000,2006-12-19,0.41,0.41,150700000,37896000,86714000,0.40942269409422694,-48818000
2007-02-28,1449500000,106400000,2007-03-20,0.73,0.7,148300000,275051000,88017000,0.7174645987862441,187034000
2007-05-31,1183000000,-55200000,2007-06-19,0.67,0.7,145900000,180000000,74900000,-0.37834132967786155,105100000
2007-08-31,1467500000,105900000,2007-09-18,0.73,0.7,146200000,158500000,86700000,0.7243502051983585,71800000
2007-11-30,1522000000,43500000,2007-12-18,0.42,0.5,146900000,71500000,114700000,0.29611980939414567,-43200000
2008-02-29,1811400000,126000000,2008-03-18,0.85,0.83,143700000,315400000,121600000,0.8768267223382046,193800000
2008-05-31,1825600000,101800000,2008-06-24,0.78,0.75,143200000,188800000,106200000,0.7108938547486033,82600000
2008-08-31,1774200000,82100000,2008-09-16,0.61,0.62,142800000,161300000,135400000,0.5749299719887955,25900000
2008-11-30,1668900000,59700000,2008-12-18,0.44,0.3,139400000,46600000,162500000,0.4282639885222382,-115900000
2009-02-28,1798900000,107500000,2009-03-17,0.8,0.68,138600000,334400000,125100000,0.7756132756132756,209300000
2009-05-31,1975600000,123000000,2009-06-23,0.9,0.86,141300000,240100000,112300000,0.8704883227176221,127800000
2009-08-31,1734000000,94300000,2009-09-29,0.67,0.66,141300000,177500000,95700000,0.667374380750177,81800000
2009-11-30,1641300000,60300000,2009-12-17,0.44,0.41,141700000,132400000,118700000,0.4255469301340861,13700000
2010-02-28,1874000000,134300000,2010-03-23,0.95,0.92,142300000,441700000,109700000,0.94378074490513,332000000
2010-05-31,1863800000,115600000,2010-06-23,0.82,0.88,144000000,150400000,114400000,0.8027777777777778,36000000
2010-08-31,1806700000,113100000,2010-09-21,0.8,0.77,141700000,214800000,113200000,0.7981651376146789,101600000
2010-11-30,1726200000,74500000,2010-12-20,0.54,0.55,141200000,66000000,163000000,0.5276203966005666,-97000000
2011-02-28,1976800000,151200000,2011-03-24,1.08,1.05,140000000,379800000,120100000,1.08,259700000
2011-05-31,1990400000,137500000,2011-06-30,1.0,1.0,138900000,232000000,149100000,0.9899208063354932,82900000
2011-08-31,1942000000,106600000,2011-09-28,0.78,0.78,137200000,118100000,141700000,0.7769679300291545,-23600000
2011-11-30,1831500000,53700000,2011-12-16,0.41,0.42,133200000,-38100000,196700000,0.40315315315315314,-234800000
2012-02-29,2159700000,164100000,2012-03-23,1.25,1.24,130900000,470100000,145000000,1.2536287242169595,325100000
2012-05-31,2065500000,151200000,2012-06-22,1.15,1.15,131600000,211600000,156300000,1.148936170212766,55300000
2012-08-31,2034800000,110800000,2012-09-21,0.86,0.84,131000000,253200000,149300000,0.8458015267175573,103900000
2012-11-30,1960000000,33600000,2012-12-20,0.31,0.27,131700000,14200000,205900000,0.255125284738041,-191700000
2013-02-28,2258200000,134400000,2013-03-22,1.04,1.01,131500000,422300000,163300000,1.0220532319391635,259000000
2013-05-31,2298900000,133100000,2013-06-21,1.02,1.05,132200000,259600000,167100000,1.0068078668683813,92500000
2013-08-31,1531500000,70200000,2013-09-20,0.53,0.7,132600000,217000000,174300000,0.5294117647058824,42700000
2013-11-30,1485600000,19800000,2013-12-19,0.15,0.2,132800000,86000000,169700000,0.14909638554216867,-83700000
2014-02-28,1618500000,109700000,2014-03-21,0.88,0.88,133400000,363700000,124300000,0.8223388305847077,239400000
2014-05-31,1650000000,86500000,2014-06-20,0.84,0.94,133200000,-227800000,53500000,0.6493993993993994,-281300000
2014-08-31,1595800000,503200000,2014-09-12,0.32,0.31,132200000,44600000,88600000,3.8063540090771557,-44000000
2014-11-30,1559000000,-32800000,2014-12-16,0.28,0.27,127700000,-70300000,85700000,-0.2568519968676586,-156000000
2015-02-28,1730900000,133800000,2015-03-20,0.99,0.84,126900000,365100000,62700000,1.0543735224586288,302400000
2015-05-31,1878300000,105300000,2015-06-23,1.08,0.93,128400000,2521100000,66400000,0.8200934579439252,2454700000
2015-08-31,1687000000,86400000,2015-09-22,0.68,0.58,129300000,109600000,64900000,0.6682134570765661,44700000
2015-11-30,1608800000,43200000,2015-12-18,0.54,0.42,129900000,49400000,57300000,0.3325635103926097,-7900000
2016-02-29,1847500000,105800000,2016-04-05,1.21,1.2,129400000,405000000,50600000,0.8176197836166924,354400000
2016-05-31,1790200000,139600000,2016-06-30,1.1,1.09,128200000,214000000,55500000,1.0889235569422777,158500000
2016-08-31,1714400000,110200000,2016-10-04,0.88,0.82,126700000,166100000,66900000,0.8697711128650355,99200000
2016-11-30,1642500000,79500000,2016-12-20,0.64,0.64,124900000,117800000,80700000,0.6365092073658927,37100000
2017-02-28,1878700000,165600000,2017-03-27,1.32,1.27,125900000,405500000,82800000,1.3153296266878476,322700000
2017-05-31,1934600000,123800000,2017-06-27,1.18,1.15,126600000,210500000,85100000,0.9778830963665087,125400000
2017-08-31,1936100000,119000000,2017-09-26,0.99,0.99,127300000,174800000,99600000,0.9347996857816182,75200000
2017-11-30,1881500000,84700000,2017-12-19,0.73,0.7,125500000,128500000,103900000,0.6749003984063745,24600000
2018-02-28,2128400000,217800000,2018-03-22,1.71,1.64,125700000,427900000,101700000,1.7326968973747017,326200000
2018-05-31,2134100000,174500000,2018-06-21,1.39,1.35,125500000,265500000,108800000,1.3904382470119523,156700000
2018-08-31,2061400000,166200000,2018-09-20,1.34,1.24,125800000,206400000,110000000,1.3211446740858506,96400000
2018-11-30,1973400000,115600000,2018-12-18,0.92,0.91,125800000,222900000,132600000,0.918918918918919,90300000
2019-02-28,2246500000,223600000,2019-03-21,1.8,1.75,125000000,480200000,119800000,1.7888,360400000
2019-05-31,2229100000,208000000,2019-06-20,1.76,1.73,124900000,349900000,113400000,1.6653322658126501,236500000
2019-08-31,2133900000,170600000,2019-09-19,1.38,1.36,124600000,253800000,132500000,1.3691813804173354,121300000
2019-11-30,2056400000,24700000,2019-12-19,1.12,1.07,123700000,189700000,144500000,0.19967663702506064,45200000
2020-02-29,2346500000,232300000,2020-03-19,1.9,1.89,122800000,476400000,124600000,1.8916938110749186,351800000
2020-05-31,1270100000,-480000000,2020-06-25,-1.24,-1.64,124500000,-208600000,92400000,-3.855421686746988,-301000000
2020-08-31,1527400000,36100000,2020-09-24,0.56,0.05,130900000,208900000,46300000,0.2757830404889228,162600000
2020-11-30,1656500000,96000000,2020-12-18,0.74,0.71,131500000,223200000,68800000,0.7300380228136882,154400000
2021-02-28,1733000000,128700000,2021-03-25,0.98,0.7,132000000,315400000,71700000,0.975,243700000
2021-05-31,2279200000,368500000,2021-06-24,2.03,1.8,132400000,446500000,82300000,2.7832326283987916,364200000
2021-08-31,2306000000,230900000,2021-09-23,1.76,1.65,131700000,181100000,87100000,1.7532270311313591,94000000
2021-11-30,2272200000,193200000,2021-12-17,1.48,1.44,130500000,300800000,96700000,1.4804597701149425,204100000
2022-02-28,2448900000,247000000,2022-03-24,1.93,2.1,128200000,434600000,107200000,1.9266770670826834,327400000
2022-05-31,2602900000,281700000,2022-06-23,2.27,2.21,125500000,339600000,108600000,2.244621513944223,231000000
2022-08-31,2446100000,193000000,2022-09-22,1.53,1.56,123900000,427800000,128600000,1.5577078288942696,299200000
2022-11-30,2486500000,187200000,2022-12-16,1.52,1.44,123100000,209200000,166100000,1.520714865962632,43100000
2023-02-28,2786200000,286600000,2023-03-23,2.36,2.24,122500000,499400000,136400000,2.339591836734694,363000000
2023-05-31,2769000000,315100000,2023-06-22,2.6,2.53,122100000,405100000,162400000,2.5806715806715808,242700000
2023-08-31,2730600000,194500000,2023-09-21,1.78,1.74,122000000,269100000,155900000,1.5942622950819672,113200000
2023-11-30,2727300000,212100000,2023-12-15,1.84,1.73,120800000,340800000,168900000,1.755794701986755,171900000
2024-02-29,2974800000,312900000,2024-03-21,2.62,2.62,120400000,576500000,152800000,2.5988372093023258,423700000
2024-05-31,2957300000,308100000,2024-06-20,2.65,2.61,120100000,426000000,148600000,2.5653621981681933,277400000
2024-08-31,2757000000,207200000,2024-09-19,1.75,1.83,119200000,273200000,151500000,1.738255033557047,121700000
2024-11-30,2890000000,215100000,2024-12-19,2.03,2.02,118300000,388600000,175800000,1.8182586644125105,212800000
2025-02-28,3158000000,323400000,2025-03-20,2.8,2.8,118000000,580300000,163200000,2.740677966101695,417100000
2025-05-31,3271700000,303800000,2025-06-20,2.98,2.97,117900000,456400000,172000000,2.576759966072943,284400000
2025-08-31,3044700000,257800000,2025-09-18,1.97,2.01,117600000,342500000,179600000,2.192176870748299,162900000
2025-11-30,3102100000,237200000,2025-12-18,2.08,2.1,116700000,320700000,174100000,2.032562125107112,146600000
