fiscalDateEnding,totalRevenue,netIncome,reportedDate,reportedEPS,estimatedEPS,commonStockSharesOutstanding,operatingCashflow,capitalExpenditures,eps_computed_simple,freeCashFlow
2005-10-31,11487000,629000,2005-12-01,0.02,,41667000,3009000,167000,0.015095879232966136,2842000
2006-01-31,11508000,966000,2006-02-28,0.03,0.02,40709000,2783000,878000,0.023729396447959912,1905000
2006-04-30,11692000,1239000,2006-05-24,0.03,0.02,43621000,1992000,366000,0.028403750487150683,1626000
2006-07-31,13293000,1085000,2006-09-07,0.04,0.04,47122000,-2124000,664000,0.023025338483086456,-2788000
2006-10-31,13445000,449000,2006-11-30,0.05,0.04,46304000,4179000,222000,0.009696786454733932,3957000
2007-01-31,13560000,1214000,2007-03-07,0.05,0.05,46304000,2738000,50000,0.026218037318590185,2688000
2007-04-30,13288000,1128000,2007-05-24,0.05,0.05,48221000,2383000,488000,0.02339229796146907,1895000
2007-07-31,14264000,1682000,2007-09-06,0.06,0.05,53401000,3748000,529000,0.03149753749929777,3219000
2007-10-31,15463000,1697000,2007-11-29,0.06,0.05,53715000,3587000,347000,0.03159266499115703,3240000
2008-01-31,16011000,17936000,2008-03-06,0.04,0.06,52801000,2220000,404000,0.3396905361640878,1816000
2008-04-30,16289000,1054000,2008-05-29,0.06,0.06,53636000,3436000,296000,0.01965098068461481,3140000
2008-07-31,17110000,1392000,2008-09-04,0.05,0.06,53620000,4777000,349000,0.025960462513987318,4428000
2008-10-31,16966000,2319000,2008-11-26,0.07,0.06,53697000,5696000,327000,0.043186770210626294,5369000
2009-01-31,15676000,15704000,2009-03-11,0.08,0.06,52965000,4776000,371000,0.2964976871518928,4405000
2009-04-30,17419000,2208000,2009-05-28,0.09,0.07,53737000,4406000,291000,0.041089007573924856,4115000
2009-07-31,18610000,812000,2009-09-10,0.1,0.08,54086000,4348000,498000,0.015013127241800097,3850000
2009-10-31,18865000,988000,2009-12-02,0.09,0.09,55475000,3235000,531000,0.017809824245155474,2704000
2010-01-31,18874000,10342000,2010-03-10,0.08,0.08,54084000,4546000,306000,0.19122106353080393,4240000
2010-04-30,21286000,192000,2010-06-02,0.08,0.07,62681000,2070000,395000,0.0030631291779007995,1675000
2010-07-31,25249000,2023000,2010-09-09,0.05,0.09,62718000,6000000,365000,0.03225549284097069,5635000
2010-10-31,25787000,1616000,2010-12-01,0.04,0.1,62849000,4561000,468000,0.025712421836465178,4093000
2011-01-31,26853000,7708000,2011-03-09,0.06,0.11,61526000,7258000,428000,0.12528036927477815,6830000
2011-04-30,27076000,2152000,2011-06-02,0.12,0.11,63194000,5313000,1301000,0.03405386587334241,4012000
2011-07-31,28841000,2640000,2011-09-08,0.13,0.13,63358000,4570000,734000,0.04166798194387449,3836000
2011-10-31,28502000,2724000,2011-12-01,0.13,0.13,63408000,6574000,1226000,0.04295987887963664,5348000
2012-01-31,29571000,4510000,2012-03-08,0.13,0.13,62350000,7469000,1473000,0.0723336006415397,5996000
2012-04-30,29862000,2606000,2012-05-31,0.14,0.13,63836000,4352000,813000,0.04082335985964033,3539000
2012-07-31,30537000,2487000,2012-09-06,0.15,0.13,63869000,6564000,854000,0.03893907842615353,5710000
2012-10-31,32685000,3115000,2012-11-29,0.16,0.13,63793000,5240000,869000,0.04882980891320364,4371000
2013-01-31,33799000,7788000,2013-03-07,0.16,0.15,62599000,14135000,960000,0.12441093308199812,13175000
2013-04-30,34031000,2807000,2013-05-30,0.16,0.16,64024000,9575000,530000,0.04384293389978758,9045000
2013-07-31,38195000,1740000,2013-09-05,0.17,0.16,64183000,11190000,490000,0.027109982394091892,10700000
2013-10-31,38763000,2183000,2013-12-04,0.18,0.18,64301000,9235000,547000,0.03394970529229716,8688000
2014-01-31,40305000,2882000,2014-03-06,0.18,0.18,62737000,12614000,818000,0.04593780384780911,11796000
2014-04-30,40836000,3694000,2014-05-29,0.11,0.15,64817000,8389000,520000,0.056991221438820065,7869000
2014-07-31,42680000,3613000,2014-09-04,0.12,0.18,68567000,15997000,743000,0.052692986422039755,15254000
2014-10-31,43057000,4157000,2014-12-04,0.11,0.14,76190000,12003000,693000,0.05456096600603754,11310000
2015-01-31,44287000,3595000,2015-03-05,0.13,0.14,75324000,13089000,723000,0.0477271520365355,12366000
2015-04-30,44424000,4901000,2015-05-28,0.12,0.13,76344000,11852000,935000,0.0641962695169234,10917000
2015-07-31,45172000,5072000,2015-09-10,0.13,0.14,76396000,12766000,1330000,0.06639091051887533,11436000
2015-10-31,47360000,5229000,2015-12-03,0.14,0.16,76421000,13379000,1167000,0.0684236008427003,12212000
2016-01-31,48037000,5360000,2016-03-03,0.21,0.18,75633000,16246000,877000,0.07086853622096174,15369000
2016-04-30,48911000,6038000,2016-05-26,0.22,0.22,76419000,15887000,1272000,0.07901176409008231,14615000
2016-07-31,50516000,5779000,2016-09-08,0.24,0.22,76483000,16635000,1704000,0.07555927461004407,14931000
2016-10-31,51536000,5931000,2016-11-30,0.23,0.23,76538000,20515000,1023000,0.07749091954323342,19492000
2017-01-31,52816000,6090000,2017-03-08,0.23,0.23,75816000,19546000,915000,0.08032605254827477,18631000
2017-04-30,54514000,6885000,2017-05-31,0.25,0.25,76648000,16468000,786000,0.08982621855756184,15682000
2017-07-31,57293000,7159000,2017-09-06,0.26,0.26,76739000,17100000,883000,0.09329024355282191,16217000
2017-10-31,62001000,6170000,2017-11-29,0.27,0.26,77442000,18938000,2209000,0.07967252911856615,16729000
2018-01-31,63631000,6665000,2018-03-05,0.29,0.28,76630000,19637000,1208000,0.08697638000782983,18429000
2018-04-30,67018000,6986000,2018-05-30,0.28,0.29,77650000,18853000,965000,0.08996780424983902,17888000
2018-07-31,67115000,8498000,2018-09-05,0.29,0.29,77781000,18239000,982000,0.10925547370180379,17257000
2018-10-31,70008000,7901000,2018-11-28,0.31,0.31,77863000,19220000,1131000,0.10147310018879313,18089000
2019-01-31,71030000,7892000,2019-03-06,0.32,0.3,77149000,21762000,2166000,0.10229555794631168,19596000
2019-04-30,78004000,7320000,2019-05-29,0.24,0.36,78273000,23435000,1398000,0.09351883791345675,22037000
2019-07-31,80540000,8573000,2019-09-04,0.3,0.38,82245000,26921000,997000,0.10423733965590613,25924000
2019-10-31,83026000,9666000,2019-12-04,0.27,0.3,85342000,27529000,1484000,0.11326193433479412,26045000
2020-01-31,84221000,11438000,2020-03-04,0.31,0.36,84156000,26367000,1021000,0.13591425447977565,25346000
2020-04-30,83703000,11047000,2020-05-27,0.31,0.29,85456000,27533000,1022000,0.1292712038944018,26511000
2020-07-31,84045000,10542000,2020-09-09,0.32,0.35,85753000,34086000,1063000,0.12293447459564097,33023000
2020-10-31,87508000,13308000,2020-12-02,0.35,0.33,85917000,33149000,774000,0.15489367645518348,32375000
2021-01-31,93408000,17203000,2021-03-03,0.45,0.4,84316000,36462000,900000,0.2040300773281465,35562000
2021-04-30,98838000,18421000,2021-06-02,0.43,0.32,86045000,40906000,1655000,0.21408565285606368,39251000
2021-07-31,104570000,23176000,2021-09-08,0.5,0.5,86128000,46374000,941000,0.2690878692179082,45433000
2021-10-31,108911000,25491000,2021-12-01,0.54,0.55,86328000,43338000,1254000,0.2952807895468446,42084000
2022-01-31,112371000,19194000,2022-03-02,0.5,0.26,86308000,45520000,979000,0.22238958149881818,44541000
2022-04-30,116395000,23115000,2022-06-01,0.28,0.27,86348000,44432000,1636000,0.26769583545652476,42796000
2022-07-31,123011000,22902000,2022-09-07,0.28,0.32,86338000,46399000,1786000,0.2652597929069471,44613000
2022-10-31,121467000,26469000,2022-12-07,0.31,0.29,86483000,50915000,1005000,0.30606015054981905,49910000
2023-01-31,125141000,29750000,2023-03-01,0.36,0.3,86575514,50649000,1644000,0.3436306482685162,49005000
2023-04-30,136614000,29353000,2023-05-31,0.36,0.4,86746000,48855000,1203000,0.33837871486869714,47652000
2023-07-31,143393000,28116000,2023-09-06,0.35,0.39,86783000,52011000,2180000,0.3239805030939239,49831000
2023-10-31,144698000,26602000,2023-12-05,0.39,0.36,86791000,56050000,1462000,0.30650643499902064,54588000
2024-01-31,148226000,31836000,2024-03-06,0.44,0.43,86939709,51130230,726021,0.36618480054953945,50404209
2024-04-30,151348000,34667000,2024-05-29,0.43,0.47,87116000,62760589,1737903,0.3979406767987511,61022686
2024-07-31,163425000,34681000,2024-09-04,0.4,0.45,87241000,34660000,1576000,0.39753097740741167,33084000
2024-10-31,168756000,36558000,2024-12-03,0.42,0.41,87342000,60146000,1313000,0.41856151679604314,58833000
2025-01-31,167471000,37367000,2025-03-05,0.44,0.55,87599000,60725000,2090000,0.42656879644744805,58635000
2025-04-30,168739000,36244000,2025-06-04,0.44,0.6,87577000,53603000,1917000,0.4138529522591548,51686000
2025-07-31,179815000,38020000,2025-09-03,0.48,0.52,87590000,63336000,1240000,0.43406781596072613,62096000
2025-10-31,185806074,43460450,2025-12-03,0.51,0.61,87610000,72683258,1182323,0.4960672297682913,71500935
