fiscalDateEnding,totalRevenue,netIncome,reportedDate,reportedEPS,estimatedEPS,commonStockSharesOutstanding,operatingCashflow,capitalExpenditures,eps_computed_simple,freeCashFlow
2005-09-30,1105515000,254971000,2005-10-19,0.2,0.2,1387038000,491703000,70471000,0.18382409133707944,421232000
2005-12-31,1328859000,279221000,2006-01-18,0.24,0.22,1406309000,526237000,97747000,0.19854882532928397,428490000
2006-03-31,1390419000,248282000,2006-04-19,0.24,0.24,1437581000,584204000,133576000,0.17270818131291385,450628000
2006-06-30,1410784000,249994000,2006-07-19,0.24,0.24,1435757000,515513000,148432000,0.17411999384296925,367081000
2006-09-30,1448637000,280896000,2006-10-18,0.26,0.24,1426112000,522113000,136867000,0.1969662971772203,385246000
2006-12-31,1719901000,346467000,2007-01-24,0.31,0.28,1366915000,625961000,96573000,0.25346638232808916,529388000
2007-03-31,1768074000,377176000,2007-04-18,0.33,0.3,1384287000,564492000,85413000,0.27246950957424293,479079000
2007-06-30,1834429000,375824000,2007-07-18,0.34,0.32,1378697000,654585000,121328000,0.2725936155660018,533257000
2007-09-30,1889220000,-935635000,2007-10-17,0.41,0.33,1354786000,629486000,119294000,-0.6906146062920638,510192000
2007-12-31,2180606000,530886000,2008-01-23,0.45,0.41,1333791000,792546000,127932000,0.39802787693124336,664614000
2008-03-31,2192223000,459718000,2008-04-16,0.42,0.39,1343989000,766270000,134644000,0.3420548828896665,631626000
2008-06-30,2195661000,460345000,2008-07-16,0.43,0.41,1325136000,738599000,121683000,0.34739453158015476,616916000
2008-09-30,2117531000,492219000,2008-10-15,0.46,0.41,1297484000,693403000,150412000,0.37936421566662865,542991000
2008-12-31,2035846000,367192000,2009-01-21,0.41,0.39,1283810000,683723000,159151000,0.28601740132885706,524572000
2009-03-31,2020586000,357113000,2009-04-22,0.39,0.33,1287814000,668527000,90934000,0.27730169108271846,577593000
2009-06-30,2097992000,327342000,2009-07-22,0.37,0.36,1300434000,730718000,128454000,0.2517175035411255,602264000
2009-09-30,2237852000,349736000,2009-10-21,0.38,0.37,1311274000,738241000,174768000,0.2667146607040176,563473000
2009-12-31,2370932000,1354906000,2010-01-20,0.44,0.4,1301248000,770600000,172938000,1.0412357982490654,597662000
2010-03-31,2196057000,397653000,2010-04-21,0.42,0.41,1326021000,418262000,152256000,0.2998843909711837,266006000
2010-06-30,2215379000,412192000,2010-07-21,0.4,0.38,1329618000,726379000,207201000,0.3100078368373473,519178000
2010-09-30,2249488000,431929000,2010-10-20,0.4,0.37,1328415000,747114000,166988000,0.32514613279735627,580126000
2010-12-31,2495350000,559187000,2011-01-19,0.52,0.47,1297278000,854005000,197467000,0.43104639098173253,656538000
2011-03-31,2546000000,476000000,2011-04-27,0.47,0.46,1320000000,699610000,148568000,0.3606060606060606,551042000
2011-06-30,2760000000,283000000,2011-07-20,0.48,0.46,1315000000,782736000,239783000,0.21520912547528517,542953000
2011-09-30,2966000000,491000000,2011-10-19,0.48,0.48,1309000000,809068000,283500000,0.37509549274255155,525568000
2011-12-31,3380010000,1979612000,2012-01-18,0.6,0.57,1308467000,982260000,291647000,1.5129246668047418,690613000
2012-03-31,3277000000,570000000,2012-04-18,0.55,0.52,1308000000,531000000,242000000,0.43577981651376146,289000000
2012-06-30,3398000000,692000000,2012-07-18,0.56,0.55,1309000000,768000000,357000000,0.5286478227654698,411000000
2012-09-30,3404000000,597000000,2012-10-17,0.55,0.54,1314000000,1154000000,362000000,0.454337899543379,792000000
2012-12-31,3993000000,750000000,2013-01-16,0.7,0.69,1318000000,1386000000,296000000,0.5690440060698028,1090000000
2013-03-31,3748000000,677000000,2013-04-17,0.63,0.62,1319000000,937000000,299000000,0.513267626990144,638000000
2013-06-30,3877000000,640000000,2013-07-17,0.63,0.63,1313000000,1011000000,353000000,0.48743335872048743,658000000
2013-09-30,3892000000,689000000,2013-10-16,0.64,0.63,1310000000,1334000000,317000000,0.5259541984732824,1017000000
2013-12-31,4530000000,850000000,2014-01-22,0.81,0.8,1310000000,1713000000,281000000,0.648854961832061,1432000000
2014-03-31,4262000000,-2326000000,2014-04-29,0.7,0.67,1276000000,1174000000,206000000,-1.822884012539185,968000000
2014-06-30,4103000000,676000000,2014-07-16,0.69,0.68,1267000000,1494000000,269000000,0.5335438042620363,1225000000
2014-09-30,2150000000,673000000,2014-10-15,0.68,0.67,1251000000,1368000000,427000000,0.5379696243005595,941000000
2014-12-31,4921000000,1023000000,2015-01-21,0.9,0.89,1241000000,1641000000,369000000,0.8243352135374697,1272000000
2015-03-31,2061000000,626000000,2015-04-22,0.77,0.7,1229000000,1151000000,322000000,0.5093572009764036,829000000
2015-06-30,2110000000,83000000,2015-07-16,0.76,0.72,1225000000,1156000000,421000000,0.06775510204081632,735000000
2015-09-30,2099000000,539000000,2015-10-21,0.43,0.4,1223000000,686000000,242000000,0.44071954210956665,444000000
2015-12-31,2322000000,477000000,2016-01-27,0.5,0.5,1204000000,1040000000,129000000,0.3961794019933555,911000000
2016-03-31,2137000000,482000000,2016-04-26,0.47,0.45,1170000000,641000000,158000000,0.41196581196581195,483000000
2016-06-30,2230000000,435000000,2016-07-20,0.43,0.42,1149000000,763000000,147000000,0.3785900783289817,616000000
2016-09-30,2217000000,413000000,2016-10-19,0.45,0.44,1139000000,802000000,185000000,0.36259877085162423,617000000
2016-12-31,2395000000,5936000000,2017-01-25,0.54,0.54,1119000000,620000000,136000000,5.304736371760501,484000000
2017-03-31,2303000000,1035000000,2017-04-19,0.49,0.48,1102000000,582000000,135000000,0.9392014519056261,447000000
2017-06-30,2419000000,29000000,2017-07-20,0.45,0.45,1091000000,699000000,182000000,0.026581118240146653,517000000
2017-09-30,2498000000,520000000,2017-10-18,0.48,0.48,1078000000,877000000,157000000,0.48237476808905383,720000000
2017-12-31,2613000000,-2601000000,2018-01-31,0.59,0.59,1035000000,988000000,192000000,-2.5130434782608697,796000000
2018-03-31,2580000000,407000000,2018-04-25,0.53,0.53,1029000000,495000000,158000000,0.39552964042759964,337000000
2018-06-30,2640000000,642000000,2018-07-18,0.53,0.51,1004000000,372000000,184000000,0.6394422310756972,188000000
2018-09-30,2649000000,721000000,2018-10-30,0.56,0.54,983000000,558000000,179000000,0.7334689725330621,379000000
2018-12-31,2877000000,760000000,2019-01-29,0.71,0.68,950000000,1233000000,130000000,0.8,1103000000
2019-03-31,2413000000,518000000,2019-04-23,0.67,0.63,908000000,550000000,182000000,0.5704845814977973,368000000
2019-06-30,2423000000,402000000,2019-07-17,0.68,0.62,867000000,744000000,137000000,0.46366782006920415,607000000
2019-09-30,2083000000,310000000,2019-10-23,0.67,0.64,837000000,1009000000,96000000,0.37037037037037035,913000000
2019-12-31,2821000000,556000000,2020-01-28,0.81,0.76,812000000,811000000,137000000,0.6847290640394089,674000000
2020-03-31,2129000000,3412000000,2020-04-29,0.77,0.72,757000000,592000000,98000000,4.507265521796565,494000000
2020-06-30,2337000000,746000000,2020-07-28,1.08,1.06,711000000,964000000,98000000,1.049226441631505,866000000
2020-09-30,2258000000,664000000,2020-10-28,0.85,0.77,708000000,105000000,132000000,0.9378531073446328,-27000000
2020-12-31,2868000000,845000000,2021-02-03,0.86,0.83,697000000,758000000,168000000,1.212338593974175,590000000
2021-03-31,2638000000,641000000,2021-04-28,1.09,1.07,693000000,1042000000,83000000,0.924963924963925,959000000
2021-06-30,2668000000,10734000000,2021-08-11,0.99,0.95,685000000,1067000000,99000000,15.67007299270073,968000000
2021-09-30,2501000000,264000000,2021-10-27,0.9,0.89,658000000,255000000,159000000,0.4012158054711246,96000000
2021-12-31,2613000000,1969000000,2022-02-23,1.05,0.99,606000000,293000000,103000000,3.2491749174917492,190000000
2022-03-31,2483000000,-1341000000,2022-05-04,1.05,1.03,587000000,613000000,83000000,-2.2844974446337307,530000000
2022-06-30,2422000000,-531000000,2022-08-03,0.99,0.89,556000000,228000000,111000000,-0.9550359712230215,117000000
2022-09-30,2380000000,-69000000,2022-11-02,1.0,0.93,548000000,729000000,102000000,-0.1259124087591241,627000000
2022-12-31,2510000000,672000000,2023-02-22,1.07,1.06,544000000,684000000,153000000,1.2352941176470589,531000000
2023-03-31,2510000000,567000000,2023-04-26,1.11,1.07,541000000,841000000,132000000,1.0480591497227356,709000000
2023-06-30,2540000000,171000000,2023-07-26,1.03,1.0,537000000,601000000,113000000,0.31843575418994413,488000000
2023-09-30,2500000000,1305000000,2023-11-07,1.03,1.0,532000000,862000000,85000000,2.4530075187969924,777000000
2023-12-31,2551000000,724000000,2024-02-27,1.07,1.03,521000000,122000000,126000000,1.3896353166986564,-4000000
2024-03-31,2556000000,438000000,2024-05-01,1.25,1.2,519000000,615000000,143000000,0.8439306358381503,472000000
2024-06-30,2572000000,224000000,2024-07-31,1.18,1.13,507000000,367000000,89000000,0.4418145956607495,278000000
2024-09-30,2576000000,634000000,2024-10-30,1.19,1.18,494000000,755000000,109000000,1.2834008097165992,646000000
2024-12-31,2579000000,679000000,2025-02-25,1.25,1.21,501000000,677000000,117000000,1.3552894211576847,560000000
2025-03-31,2585000000,503000000,2025-04-29,1.38,1.2,475000000,787000000,143000000,1.0589473684210526,644000000
2025-06-30,2730000000,368000000,2025-07-29,1.37,1.29,470000000,-307000000,134000000,0.7829787234042553,-441000000
2025-09-30,2820000000,632000000,2025-10-29,1.36,1.33,467000000,896000000,131000000,1.3533190578158458,765000000
