fiscalDateEnding,totalRevenue,netIncome,reportedDate,reportedEPS,estimatedEPS,commonStockSharesOutstanding,operatingCashflow,capitalExpenditures,eps_computed_simple,freeCashFlow
2005-09-30,19888000,2878000,2005-10-17,0.27,0.26,10782000,6746000,829000,0.26692635874605825,5917000
2005-12-31,22237000,2829000,2006-01-26,0.26,0.28,10465000,4571000,642000,0.2703296703296703,3929000
2006-03-31,23406000,2998000,2006-04-17,0.28,0.3,10856000,1719000,3709000,0.27616064848931465,-1990000
2006-06-30,25611000,3901000,2006-07-18,0.36,0.33,10876000,3318000,699000,0.35867966164030896,2619000
2006-09-30,30689000,4181000,2006-10-17,0.35,0.35,11823000,4875000,635000,0.35363274972511205,4240000
2006-12-31,31628000,4391000,2007-01-24,0.37,0.36,11835000,7485000,2548000,0.3710181664554288,4937000
2007-03-31,31747000,3158000,2007-04-17,0.26,0.34,12198000,-2591000,1996000,0.2588949008034104,-4587000
2007-06-30,35852000,4515000,2007-07-17,0.36,0.37,12692000,9621000,655000,0.35573589662779703,8966000
2007-09-30,36445000,4999000,2007-10-16,0.4,0.38,12652000,8550000,334000,0.3951153967752134,8216000
2007-12-31,38148000,4906000,2008-01-29,0.39,0.37,12441000,9453000,394000,0.394341290893015,9059000
2008-03-31,35784000,3563000,2008-04-15,0.26,0.29,12675000,3268000,3325000,0.28110453648915185,-57000
2008-06-30,33727000,3500000,2008-07-17,0.27,0.27,12760000,9038000,7244000,0.274294670846395,1794000
2008-09-30,36930000,1319000,2008-10-23,0.1,0.27,12817000,4293000,4089000,0.10291019739408598,204000
2008-12-31,36814000,-3952000,2009-01-30,-0.31,0.02,12828000,3691000,987000,-0.30807608356719673,2704000
2009-03-31,32650000,-51487000,2009-04-27,-3.99,0.08,12828000,11088000,194000,-4.013642033052697,10894000
2009-06-30,34089000,-301000,2009-07-21,-0.02,-0.13,12833000,9503000,140000,-0.02345515467934232,9363000
2009-09-30,34061000,4687000,2009-10-23,0.31,0.04,14277000,14202000,67000,0.32829025705680465,14135000
2009-12-31,20835000,-854000,2010-01-26,-0.12,0.05,14418000,-6045000,151000,-0.05923151616035511,-6196000
2010-03-31,31301000,-3191000,2010-04-20,-0.25,-0.02,14418000,14821000,98000,-0.22132057150783743,14723000
2010-06-30,31832000,577000,2010-07-20,0.01,-0.02,14855000,8208000,178000,0.038842140693369234,8030000
2010-09-30,35469000,3201000,2010-10-19,0.29,0.09,14854000,11218000,529000,0.21549750908846102,10689000
2010-12-31,39230000,6426000,2011-01-25,0.38,0.29,14920000,14977000,152000,0.4306970509383378,14825000
2011-03-31,35496000,4112000,2011-04-28,0.42,0.32,16375000,11748000,212000,0.2511145038167939,11536000
2011-06-30,42777000,8273000,2011-07-28,0.52,0.33,18602000,11212000,97000,0.44473712504031826,11115000
2011-09-30,43011000,5832000,2011-10-27,0.49,0.37,19202000,2046000,107000,0.30371836267055513,1939000
2012-03-31,41198000,6185000,2012-04-25,0.31,0.37,19243000,14855000,3145000,0.32141557969131634,11710000
2012-06-30,40874000,8766000,2012-07-26,0.44,0.26,19286000,11511000,759000,0.4545265996059318,10752000
2012-09-30,50706000,7930000,2012-10-25,0.39,0.31,19415000,11572000,529000,0.4084470770023178,11043000
2012-12-31,41770000,5415000,2013-01-24,0.23,0.32,18044000,-565000,242000,0.30009975615162937,-807000
2013-03-31,44824000,10040000,2013-04-25,0.53,0.33,19516000,1795000,501000,0.5144496823119492,1294000
2013-06-30,36384000,11033000,2013-07-25,0.58,0.36,19711000,4583000,333000,0.5597382172391051,4250000
2013-09-30,40599000,8410000,2013-10-24,0.44,0.37,19830000,5634000,288000,0.4241048915784165,5346000
2013-12-31,40337000,3621000,2014-01-23,0.26,0.4,19629000,17296000,216000,0.18447195476081307,17080000
2014-03-31,37946000,5848000,2014-04-24,0.3,0.37,19949000,-7397000,381000,0.2931475261917891,-7778000
2014-06-30,35714000,7160000,2014-07-24,0.36,0.35,19963000,12436000,447000,0.35866352752592295,11989000
2014-09-30,35488000,8198000,2014-10-23,0.41,0.36,19980000,25278000,728000,0.4103103103103103,24550000
2014-12-31,39237000,5967000,2015-01-22,0.4,0.37,20140000,1177000,345000,0.29627606752730884,832000
2015-03-31,35734000,9346000,2015-04-23,0.46,0.36,20157000,-1608000,648000,0.46366026690479734,-2256000
2015-06-30,38158000,8716000,2015-07-23,0.43,0.37,20168000,20083000,335000,0.4321697738992463,19748000
2015-09-30,37909000,9709000,2015-10-22,0.48,0.42,20261000,21536000,169000,0.4791964858595331,21367000
2015-12-31,41653000,10679000,2016-01-28,0.6,0.47,20386000,7176000,959000,0.523839890120671,6217000
2016-03-31,41465000,11025000,2016-04-28,0.54,0.49,20233000,4118000,505000,0.5449018929471655,3613000
2016-06-30,44082000,12352000,2016-07-28,0.61,0.53,20216000,3542000,235000,0.6110011871784725,3307000
2016-09-30,44269000,11832000,2016-10-24,0.59,0.56,20224000,20423000,544000,0.5850474683544303,19879000
2016-12-31,48467000,13628000,2017-01-23,0.74,0.61,20309000,54438000,1212000,0.6710325471465852,53226000
2017-03-31,50716000,12391000,2017-04-24,0.59,0.57,22309000,-30988000,247000,0.5554260612308933,-31235000
2017-06-30,59476000,11955000,2017-07-24,0.51,0.62,23732000,23344000,893000,0.5037502106859936,22451000
2017-09-30,60840000,16315000,2017-10-23,0.69,0.67,23574000,21261000,724000,0.6920760159497752,20537000
2017-12-31,65901000,7529000,2018-01-22,0.84,0.77,23342000,32174000,682000,0.3225516236826322,31492000
2018-03-31,64706000,20921000,2018-04-23,0.9,0.86,23246000,22215000,370000,0.8999827927385357,21845000
2018-06-30,67508000,22251000,2018-07-23,0.95,0.86,23318000,29653000,1545000,0.9542413586070847,28108000
2018-09-30,68975000,22516000,2018-10-22,0.97,0.89,23329000,7998000,454000,0.9651506708388701,7544000
2018-12-31,74704000,23529000,2019-01-21,1.02,0.95,23170000,48942000,666000,1.0154941735002159,48276000
2019-03-31,76689000,16156000,2019-04-22,0.67,0.91,24083000,15712000,1268000,0.6708466553170286,14444000
2019-06-30,90593000,18424000,2019-07-22,0.98,0.93,26940000,4855000,968000,0.6838901262063846,3887000
2019-09-30,93404000,29069000,2019-10-21,1.09,1.0,26868000,46003000,1772000,1.081919011463451,44231000
2019-12-31,88231000,29090000,2020-01-20,1.09,1.09,26668000,25887000,2329000,1.0908204589770512,23558000
2020-03-31,88060000,12868000,2020-04-20,1.16,0.75,26539000,32562000,918000,0.4848713214514488,31644000
2020-06-30,83372000,14634000,2020-07-20,0.56,0.53,26195000,26298000,614000,0.5586562321053636,25684000
2020-09-30,82668000,17951000,2020-10-19,0.73,0.91,26228000,41387000,101000,0.6844212292206802,41286000
2020-12-31,98571000,28931000,2021-01-25,1.0,0.69,28968000,35267000,626000,0.9987227285280309,34641000
2021-03-31,93366000,29926000,2021-04-26,0.96,0.88,31306000,-3675000,489000,0.9559189931642497,-4164000
2021-06-30,97067000,38405000,2021-07-26,1.23,1.1,31312000,68670000,358000,1.2265265712825755,68312000
2021-09-30,112067000,13913000,2021-10-25,0.38,1.0,36947000,40635000,788000,0.37656643299861964,39847000
2021-12-31,118767000,50811000,2022-01-24,1.33,1.19,38311000,54945000,865000,1.3262770483673096,54080000
2022-03-31,116621000,47693000,2022-04-25,1.23,1.11,37858000,49883000,457000,1.2597865708700935,49426000
2022-06-30,120670000,45149000,2022-07-25,1.19,1.12,37282000,64866000,547000,1.2110133576524864,64319000
2022-09-30,139345000,50200000,2022-10-24,1.32,1.24,37347000,73108000,317000,1.3441508019385762,72791000
2022-12-31,157025000,60001000,2023-01-23,1.58,1.35,37415000,28783000,609000,1.603661633034879,28174000
2023-03-31,169494000,55738000,2023-04-24,1.46,1.37,37487000,69176000,681000,1.4868621121988956,68495000
2023-06-30,182953000,49127000,2023-07-24,1.29,1.29,37495000,70610000,922000,1.310228030404054,69688000
2023-09-30,192545000,44665000,2023-10-23,1.17,1.24,37520000,49466000,590000,1.1904317697228144,48876000
2023-12-31,198524000,44529000,2024-01-22,1.21,1.19,37554000,78986000,4363000,1.1857325451350056,74623000
2024-03-31,199686000,40401000,2024-04-22,1.07,1.11,37597000,29889000,2954000,1.0745804186504242,26935000
2024-06-30,201242000,45446000,2024-07-22,1.19,1.06,37540000,76508000,1787000,1.2106020245071922,74721000
2024-09-30,208476000,50585000,2024-10-21,1.29,1.14,37483000,89026000,853000,1.3495451271242964,88173000
2024-12-31,205002000,48834000,2025-01-27,1.32,1.16,37447000,51977000,1881000,1.3040831041204903,50096000
2025-03-31,201639000,49961000,2025-04-28,1.31,1.17,37287000,40022000,4401000,1.3399039879850887,35621000
2025-06-30,209355000,51384000,2025-07-28,1.37,1.21,37287000,61287000,2320000,1.3780674229624266,58967000
2025-09-30,243707000,45235000,2025-10-27,1.2,1.31,37287000,49364000,2243000,1.2131574007026578,47121000
