fiscalDateEnding,totalRevenue,netIncome,reportedDate,reportedEPS,estimatedEPS,commonStockSharesOutstanding,operatingCashflow,capitalExpenditures,eps_computed_simple,freeCashFlow
2005-09-30,375300000,62500000,2005-10-20,0.45,0.45,132500000,103300000,11200000,0.4716981132075472,92100000
2005-12-31,361300000,62800000,2006-02-02,0.46,0.47,129000000,106000000,33300000,0.4868217054263566,72700000
2006-03-31,374000000,62900000,2006-04-20,0.48,0.46,131500000,65300000,10700000,0.4783269961977186,54600000
2006-06-30,387700000,69600000,2006-07-20,0.49,0.49,130400000,90700000,15800000,0.5337423312883436,74900000
2006-09-30,394600000,78900000,2006-10-18,0.52,0.51,128400000,99400000,7600000,0.6144859813084113,91800000
2006-12-31,390000000,63100000,2007-01-31,0.53,0.52,124900000,118900000,17900000,0.5052041633306645,101000000
2007-03-31,405100000,69000000,2007-04-23,0.54,0.53,127300000,64900000,14600000,0.5420267085624509,50300000
2007-06-30,454500000,70100000,2007-07-23,0.57,0.56,138600000,88200000,17200000,0.5057720057720058,71000000
2007-09-30,492500000,67900000,2007-10-22,0.58,0.56,140600000,118700000,53500000,0.4829302987197724,65200000
2007-12-31,490800000,65700000,2008-02-04,0.59,0.57,129600000,178100000,33200000,0.5069444444444444,144900000
2008-03-31,503100000,65700000,2008-04-21,0.6,0.57,132100000,75100000,30000000,0.49735049205147613,45100000
2008-06-30,501900000,70800000,2008-07-21,0.64,0.61,131500000,111700000,28400000,0.538403041825095,83300000
2008-09-30,484100000,72300000,2008-10-20,0.63,0.62,129800000,138000000,30900000,0.5570107858243452,107100000
2008-12-31,446600000,64000000,2009-02-04,0.61,0.59,126200000,119900000,21200000,0.5071315372424723,98700000
2009-03-31,446600000,54400000,2009-04-22,0.58,0.54,127400000,44500000,15000000,0.42700156985871274,29500000
2009-06-30,429100000,59600000,2009-07-22,0.57,0.57,127800000,101100000,19000000,0.46635367762128327,82100000
2009-09-30,425000000,59700000,2009-10-21,0.57,0.55,128000000,123200000,17200000,0.46640625,106000000
2009-12-31,464300000,60200000,2010-02-03,0.61,0.56,126300000,149600000,19500000,0.4766429136975455,130100000
2010-03-31,443000000,56700000,2010-04-28,0.56,0.55,128100000,37700000,50000000,0.4426229508196721,-12300000
2010-06-30,460700000,71300000,2010-07-28,0.58,0.56,127300000,101200000,16900000,0.5600942655145326,84300000
2010-09-30,473800000,76500000,2010-10-27,0.6,0.58,125800000,68500000,15500000,0.6081081081081081,53000000
2010-12-31,482000000,62200000,2011-02-09,0.62,0.6,122800000,145200000,17400000,0.506514657980456,127800000
2011-03-31,472600000,57300000,2011-04-27,0.58,0.58,124700000,23100000,26200000,0.4595028067361668,-3100000
2011-06-30,487100000,34500000,2011-07-27,0.61,0.6,124600000,123900000,17700000,0.2768860353130016,106200000
2011-09-30,490400000,66700000,2011-10-26,0.65,0.64,123300000,112000000,15300000,0.5409570154095702,96700000
2011-12-31,509700000,74400000,2012-02-08,0.68,0.67,120000000,149700000,15800000,0.62,133900000
2012-03-31,505900000,71500000,2012-04-25,0.7,0.65,122400000,48300000,20200000,0.5841503267973857,28100000
2012-06-30,513300000,76400000,2012-07-25,0.74,0.72,122800000,152100000,14300000,0.6221498371335505,137800000
2012-09-30,520000000,77900000,2012-10-24,0.75,0.73,122200000,151700000,14800000,0.6374795417348609,136900000
2012-12-31,558100000,46300000,2013-02-06,0.78,0.75,120500000,144200000,16700000,0.38423236514522824,127500000
2013-03-31,566500000,101100000,2013-04-24,0.87,0.87,123100000,66300000,18700000,0.8212835093419983,47600000
2013-06-30,586900000,90500000,2013-07-24,0.92,0.9,123600000,140500000,17500000,0.732200647249191,123000000
2013-09-30,572000000,83500000,2013-10-23,0.9,0.88,123900000,167600000,25300000,0.6739305891848265,142300000
2013-12-31,578500000,76700000,2014-02-13,0.91,0.91,124200000,191900000,21800000,0.6175523349436393,170100000
2014-03-31,584500000,83900000,2014-04-23,0.89,0.87,124400000,65000000,18500000,0.6744372990353698,46500000
2014-06-30,613900000,92800000,2014-07-23,0.96,0.94,124300000,152800000,19200000,0.7465808527755431,133600000
2014-09-30,613400000,92700000,2014-10-22,1.01,0.98,123500000,195600000,26200000,0.7506072874493928,169400000
2014-12-31,624600000,98000000,2015-02-11,1.02,1.01,119400000,202800000,22500000,0.8207705192629816,180300000
2015-03-31,651800000,88300000,2015-04-22,1.07,1.02,121700000,102900000,21600000,0.7255546425636812,81300000
2015-06-30,678100000,111000000,2015-07-22,1.15,1.1,120900000,186700000,33600000,0.9181141439205955,153100000
2015-09-30,667400000,117900000,2015-10-21,1.14,1.1,120600000,247200000,38400000,0.9776119402985075,208800000
2015-12-31,666300000,111900000,2016-02-10,1.14,1.11,120700000,205300000,52600000,0.9270919635459818,152700000
2016-03-31,728300000,102100000,2016-04-27,1.23,1.15,120800000,90300000,40200000,0.8451986754966887,50100000
2016-06-30,811300000,130900000,2016-07-27,1.43,1.36,121100000,189200000,42600000,1.0809248554913296,146600000
2016-09-30,804100000,132800000,2016-10-26,1.44,1.36,121300000,245000000,48200000,1.0948062654575432,196800000
2016-12-31,801100000,123000000,2017-02-08,1.42,1.37,121400000,271300000,42500000,1.013179571663921,228800000
2017-03-31,832200000,153300000,2017-04-26,1.44,1.41,121900000,103700000,50300000,1.2575881870385561,53400000
2017-06-30,856700000,165400000,2017-07-26,1.6,1.57,121900000,225400000,49600000,1.3568498769483184,175800000
2017-09-30,834800000,96300000,2017-11-09,1.53,1.49,121400000,279600000,57600000,0.7932454695222405,222000000
2017-12-31,838400000,172300000,2018-03-01,1.39,1.35,120200000,207300000,60700000,1.4334442595673877,146600000
2018-03-31,865700000,90900000,2018-04-25,1.43,1.37,121300000,119600000,56200000,0.7493816982687551,63400000
2018-06-30,876900000,144800000,2018-07-25,1.56,1.54,121400000,235200000,62500000,1.1927512355848435,172700000
2018-09-30,834200000,38400000,2018-10-24,1.41,1.42,121600000,152600000,89400000,0.3157894736842105,63200000
2018-12-31,835300000,25600000,2019-02-20,1.38,1.32,120700000,164800000,113800000,0.212096106048053,51000000
2019-03-31,846100000,-555900000,2019-05-10,1.2,1.23,121600000,31000000,114800000,-4.571546052631579,-83800000
2019-06-30,880000000,66800000,2019-07-24,1.4,1.36,122000000,217000000,93700000,0.5475409836065573,123300000
2019-09-30,875700000,81100000,2019-10-23,1.48,1.44,122300000,-164900000,97200000,0.6631234668847097,-262100000
2019-12-31,905800000,9200000,2020-02-12,1.53,1.49,122300000,230700000,93900000,0.07522485690923958,136800000
2020-03-31,957900000,116900000,2020-04-20,1.4,1.29,122600000,30800000,88000000,0.9535073409461664,-57200000
2020-06-30,982800000,100200000,2020-07-22,1.6,1.3,122700000,251200000,104800000,0.8166259168704156,146400000
2020-09-30,1068300000,228500000,2020-10-21,1.87,1.6,123000000,367000000,116700000,1.8577235772357723,250300000
2020-12-31,1118400000,87400000,2021-02-10,2.0,1.83,123100000,297200000,111800000,0.7099918765231519,185400000
2021-03-31,1213000000,201600000,2021-04-21,1.97,1.55,123200000,143400000,113000000,1.6363636363636365,30400000
2021-06-30,1234800000,215100000,2021-07-21,1.98,1.71,123500000,407700000,122500000,1.7417004048582996,285200000
2021-09-30,1222900000,205400000,2021-10-20,1.85,1.72,123700000,398400000,97400000,1.6604688763136621,301000000
2021-12-31,1253200000,122100000,2022-02-09,1.84,1.81,123800000,385300000,136100000,0.9862681744749596,249200000
2022-03-31,1363200000,221800000,2022-04-20,2.22,2.14,123500000,-198500000,156500000,1.7959514170040485,-355000000
2022-06-30,1316700000,200600000,2022-07-20,2.09,2.0,123300000,275300000,158900000,1.626926196269262,116400000
2022-09-30,1244300000,165700000,2022-10-19,1.73,1.63,123300000,354900000,153000000,1.3438767234387672,201900000
2022-12-31,1197900000,108200000,2023-02-08,1.52,1.49,123300000,325400000,156100000,0.8775344687753447,169300000
2023-03-31,1302000000,112400000,2023-04-19,1.43,1.37,123500000,150900000,158300000,0.9101214574898785,-7400000
2023-06-30,1317600000,138300000,2023-07-19,1.71,1.67,123800000,262100000,163000000,1.117124394184168,99100000
2023-09-30,1319100000,162200000,2023-10-18,1.76,1.77,123900000,381700000,134300000,1.3091202582728005,247400000
2023-12-31,1326500000,132400000,2024-02-07,1.81,1.74,124400000,322100000,145700000,1.0643086816720257,176400000
2024-03-31,1389400000,124900000,2024-04-17,1.5,1.44,124800000,252700000,131900000,1.0008012820512822,120800000
2024-06-30,1430500000,163900000,2024-07-17,1.82,1.73,124800000,267500000,136700000,1.3133012820512822,130800000
2024-09-30,1441800000,141300000,2024-10-16,1.85,1.83,125200000,479500000,124000000,1.128594249201278,355500000
2024-12-31,1419400000,174000000,2025-02-05,2.12,2.12,125100000,324800000,118900000,1.3908872901678657,205900000
2025-03-31,1442000000,133100000,2025-04-22,1.53,1.4039,125100000,223900000,107200000,1.0639488409272582,116700000
2025-06-30,1537000000,191300000,2025-07-15,2.0,1.9,125000000,361100000,122200000,1.5304,238900000
2025-09-30,1544900000,160200000,2025-10-15,2.04,1.94,124100000,559900000,122000000,1.290894439967768,437900000
