fiscalDateEnding,totalRevenue,netIncome,reportedDate,reportedEPS,estimatedEPS,commonStockSharesOutstanding,operatingCashflow,capitalExpenditures,eps_computed_simple,freeCashFlow
2005-09-30,3783000000,462000000,2005-11-04,1.24,1.1,332000000,896000000,528000000,1.391566265060241,368000000
2005-12-31,2974000000,273000000,2006-03-07,0.71,0.46,326000000,478000000,531000000,0.8374233128834356,-53000000
2006-03-31,2751000000,258000000,2006-05-08,0.56,0.63,331000000,608000000,553000000,0.7794561933534743,55000000
2006-06-30,3001000000,177000000,2006-08-08,0.55,0.59,330000000,450000000,654000000,0.5363636363636364,-204000000
2006-09-30,3802000000,458000000,2006-11-03,1.32,1.24,330000000,1912000000,550000000,1.387878787878788,1362000000
2006-12-31,3067000000,288000000,2007-02-28,0.65,0.51,326000000,623000000,779000000,0.8834355828220859,-156000000
2007-03-31,2912000000,333000000,2007-05-09,0.9,0.64,330000000,708000000,691000000,1.009090909090909,17000000
2007-06-30,3047000000,93000000,2007-08-09,0.73,0.62,330000000,526000000,644000000,0.2818181818181818,-118000000
2007-09-30,3942000000,474000000,2007-11-02,1.41,1.3,330000000,1363000000,644000000,1.4363636363636363,719000000
2007-12-31,3211000000,211000000,2008-02-27,0.65,0.58,326000000,596000000,847000000,0.647239263803681,-251000000
2008-03-31,3083000000,299000000,2008-05-08,0.92,0.92,329000000,573000000,705000000,0.9088145896656535,-132000000
2008-06-30,3382000000,261000000,2008-08-08,0.79,0.75,329000000,135000000,755000000,0.7933130699088146,-620000000
2008-09-30,4111000000,452000000,2008-11-07,1.46,1.54,328000000,889000000,499000000,1.3780487804878048,390000000
2008-12-31,3536000000,178000000,2009-03-02,0.66,0.64,326000000,613000000,865000000,0.5460122699386503,-252000000
2009-03-31,2812000000,250000000,2009-05-08,0.79,0.67,327000000,686000000,785000000,0.764525993883792,-99000000
2009-06-30,2834000000,-16000000,2009-08-07,0.78,0.52,327000000,197000000,755000000,-0.04892966360856269,-558000000
2009-09-30,3664000000,403000000,2009-11-06,1.09,1.04,329000000,1229000000,747000000,1.2249240121580547,482000000
2009-12-31,3023000000,212000000,2010-03-01,0.59,0.41,326000000,933000000,995000000,0.6503067484662577,-62000000
2010-03-31,2810000000,236000000,2010-05-07,0.82,0.78,328000000,599000000,951000000,0.7195121951219512,-352000000
2010-06-30,2741000000,344000000,2010-08-05,0.62,0.68,327000000,363000000,1119000000,1.0519877675840978,-756000000
2010-09-30,3788000000,510000000,2010-10-29,1.46,1.18,328000000,1788000000,1059000000,1.5548780487804879,729000000
2010-12-31,3069000000,166000000,2011-02-28,0.58,0.6,326000000,727000000,1414000000,0.50920245398773,-687000000
2011-03-31,2782000000,200000000,2011-05-02,0.62,0.63,328000000,718000000,1133000000,0.6097560975609756,-415000000
2011-06-30,2983000000,176000000,2011-08-04,0.54,0.5,329000000,504000000,1123000000,0.5349544072948328,-619000000
2011-09-30,3981000000,426000000,2011-11-02,1.3,1.23,329000000,1602000000,1235000000,1.2948328267477203,367000000
2011-12-31,3014000000,-839000000,2012-02-29,0.75,0.46,326000000,1082000000,1317000000,-2.5736196319018405,-235000000
2012-03-31,2856000000,112000000,2012-05-02,0.35,0.49,329000000,677000000,1276000000,0.3404255319148936,-599000000
2012-06-30,3057000000,97000000,2012-07-31,0.32,0.28,334000000,483000000,1015000000,0.2904191616766467,-532000000
2012-09-30,4070000000,215000000,2012-11-01,0.72,1.0,329000000,998000000,1080000000,0.6534954407294833,-82000000
2012-12-31,2062000000,-449000000,2013-02-26,1.79,1.05,326000000,1176000000,778000000,-1.3773006134969326,398000000
2013-03-31,2632000000,298000000,2013-04-30,0.77,0.66,329000000,506000000,979000000,0.9057750759878419,-473000000
2013-06-30,3046000000,-70000000,2013-08-01,0.79,0.67,326000000,755000000,855000000,-0.2147239263803681,-100000000
2013-09-30,3960000000,463000000,2013-10-29,1.41,1.23,328000000,992000000,927000000,1.4115853658536586,65000000
2013-12-31,2943000000,326000000,2014-02-25,0.81,0.67,326000000,950000000,838000000,1.0,112000000
2014-03-31,2926000000,202000000,2014-04-29,0.9,0.81,329000000,498000000,940000000,0.6139817629179332,-442000000
2014-06-30,3016000000,566000000,2014-07-31,1.07,0.82,329000000,105000000,916000000,1.7203647416413375,-811000000
2014-09-30,4356000000,508000000,2014-10-28,1.52,1.33,329000000,1424000000,1000000000,1.5440729483282676,424000000
2014-12-31,3114000000,448000000,2015-02-24,1.08,0.83,329000000,1221000000,1050000000,1.3617021276595744,171000000
2015-03-31,2512000000,327000000,2015-04-28,0.9,0.79,329000000,964000000,1268000000,0.993920972644377,-304000000
2015-06-30,2908000000,407000000,2015-07-30,1.16,0.83,328000000,804000000,929000000,1.2408536585365855,-125000000
2015-09-30,3763000000,449000000,2015-10-27,1.16,1.17,328000000,1065000000,937000000,1.3689024390243902,128000000
2015-12-31,2341000000,-50000000,2016-02-23,0.88,0.6,328000000,1676000000,1091000000,-0.1524390243902439,585000000
2016-03-31,2440000000,311000000,2016-05-02,0.82,0.88,329000000,853000000,951000000,0.9452887537993921,-98000000
2016-06-30,2777000000,311000000,2016-07-28,0.85,0.97,330000000,576000000,877000000,0.9424242424242424,-301000000
2016-09-30,3767000000,452000000,2016-11-01,1.34,1.27,330000000,1071000000,945000000,1.3696969696969696,126000000
2016-12-31,2884000000,377000000,2017-02-21,1.02,0.95,330000000,756000000,961000000,1.1424242424242423,-205000000
2017-03-31,2463000000,393000000,2017-05-01,1.1,0.9,329000000,879000000,939000000,1.1945288753799392,-60000000
2017-06-30,2965000000,309000000,2017-07-27,0.85,0.92,329000000,554000000,810000000,0.939209726443769,-256000000
2017-09-30,3672000000,502000000,2017-10-30,1.43,1.33,328000000,1257000000,911000000,1.5304878048780488,346000000
2017-12-31,3220000000,-515000000,2018-02-22,1.1,0.92,328000000,907000000,1184000000,-1.5701219512195121,-277000000
2018-03-31,2564000000,248000000,2018-05-01,0.95,0.91,327000000,859000000,1137000000,0.7584097859327217,-278000000
2018-06-30,2815000000,306000000,2018-07-26,0.84,0.83,327000000,358000000,1022000000,0.9357798165137615,-664000000
2018-09-30,4269000000,544000000,2018-10-30,1.56,1.29,327000000,1054000000,1082000000,1.6636085626911314,-28000000
2018-12-31,3009000000,-1400000000,2019-02-28,0.94,0.95,326000000,906000000,1268000000,-4.294478527607362,-362000000
2019-03-31,2824000000,308000000,2019-04-30,0.63,0.87,327000000,210000000,1074000000,0.9418960244648318,-864000000
2019-06-30,2812000000,422000000,2019-07-25,1.58,1.13,327000000,388000000,1161000000,1.290519877675841,-773000000
2019-09-30,3741000000,502000000,2019-10-29,1.5,1.58,349000000,-1415000000,1262000000,1.4383954154727794,-2677000000
2019-12-31,2970000000,173000000,2020-02-27,0.99,1.0,361000000,510000000,1380000000,0.4792243767313019,-870000000
2020-03-31,2790000000,213000000,2020-04-30,0.63,0.79,364000000,315000000,1268000000,0.5851648351648352,-953000000
2020-06-30,2987000000,318000000,2020-07-28,1.0,1.11,376000000,310000000,1246000000,0.8457446808510638,-936000000
2020-09-30,4644000000,-242000000,2020-10-27,1.67,1.47,378000000,446000000,1383000000,-0.6402116402116402,-937000000
2020-12-31,3157000000,526000000,2021-02-25,1.19,1.2,379000000,192000000,1587000000,1.3878627968337731,-1395000000
2021-03-31,2960000000,290000000,2021-04-27,0.79,0.72,380000000,72000000,1358000000,0.7631578947368421,-1286000000
2021-06-30,3315000000,318000000,2021-07-29,0.94,1.02,380000000,-1446000000,1235000000,0.8368421052631579,-2681000000
2021-09-30,5299000000,-297000000,2021-11-02,1.69,1.75,380000000,958000000,1355000000,-0.781578947368421,-397000000
2021-12-31,3331000000,571000000,2022-02-24,1.16,1.04,381000000,427000000,1557000000,1.4986876640419948,-1130000000
2022-03-31,3968000000,136000000,2022-05-03,1.07,0.79,382000000,792000000,1207000000,0.35602094240837695,-415000000
2022-06-30,4008000000,267000000,2022-07-28,0.94,0.92,383000000,446000000,1501000000,0.6971279373368147,-1055000000
2022-09-30,5228000000,-74000000,2022-11-01,1.48,1.52,383000000,874000000,1498000000,-0.19321148825065274,-624000000
2022-12-31,4016000000,470000000,2023-02-23,1.15,1.1,384259259,1058000000,1573000000,1.223132530945728,-515000000
2023-03-31,3966000000,365000000,2023-05-02,1.09,0.96,384000000,-90000000,1324000000,0.9505208333333334,-1414000000
2023-06-30,3964000000,380000000,2023-07-27,1.01,0.96,385000000,802000000,1387000000,0.987012987012987,-585000000
2023-09-30,4702000000,212000000,2023-11-01,1.38,1.46,385000000,1834000000,1280000000,0.5506493506493506,554000000
2023-12-31,3706000000,421000000,2024-02-22,1.28,1.16,383924912,855000000,1457000000,1.096568591516666,-602000000
2024-03-31,4078000000,52000000,2024-04-30,1.13,1.15,385000000,1043000000,1279000000,0.13506493506493505,-236000000
2024-06-30,4336000000,460000000,2024-07-25,1.23,1.07,388000000,329000000,1421000000,1.1855670103092784,-1092000000
2024-09-30,5201000000,577000000,2024-10-29,1.51,1.38,390000000,2472000000,1511000000,1.4794871794871796,961000000
2024-12-31,3984000000,408000000,2025-02-20,1.05,1.18,388000000,1170000000,1496000000,1.0515463917525774,-326000000
2025-03-31,3811000000,1492000000,2025-04-28,1.3679,1.37,385000000,1224000000,1408000000,3.8753246753246753,-184000000
2025-06-30,4543000000,398000000,2025-07-23,0.97,1.43,385000000,882000000,1712000000,1.0337662337662337,-830000000
2025-09-30,5750000000,888000000,2025-10-28,2.34,1.88,385000000,2122000000,1504000000,2.3064935064935064,618000000
