fiscalDateEnding,totalRevenue,netIncome,reportedDate,reportedEPS,estimatedEPS,commonStockSharesOutstanding,operatingCashflow,capitalExpenditures,eps_computed_simple,freeCashFlow
2005-09-30,1497100000,58500000,2005-10-26,0.14,0.16,447200000,-66100000,45900000,0.1308139534883721,-112000000
2005-12-31,1783900000,81700000,2006-01-26,0.35,0.28,433200000,449900000,58100000,0.18859649122807018,391800000
2006-03-31,1578200000,59500000,2006-05-04,0.22,0.19,429800000,85700000,66100000,0.13843648208469056,19600000
2006-06-30,1604600000,44500000,2006-08-16,0.26,0.24,424800000,240300000,90500000,0.10475517890772128,149800000
2006-09-30,1593500000,58300000,2006-10-25,0.14,0.09,427200000,-71300000,67300000,0.1364700374531835,-138600000
2006-12-31,1991100000,208400000,2007-01-31,0.5,0.38,422800000,378300000,73200000,0.49290444654683063,305100000
2007-03-31,1690500000,93900000,2007-05-03,0.23,0.23,416000000,143600000,71500000,0.22572115384615385,72100000
2007-06-30,1762400000,88600000,2007-08-16,0.23,0.25,407600000,211000000,100100000,0.21736997055937193,110900000
2007-09-30,1710100000,39100000,2007-10-25,0.1,0.05,394400000,-132800000,78500000,0.09913793103448276,-211300000
2007-12-31,2308800000,224400000,2008-02-01,0.57,0.57,393000000,494700000,81900000,0.5709923664122137,412800000
2008-03-31,1879800000,90100000,2008-05-06,0.23,0.23,393200000,156600000,89900000,0.22914547304170904,66700000
2008-06-30,2012100000,120200000,2008-08-14,0.31,0.28,387800000,171600000,107500000,0.30995358432181536,64100000
2008-09-30,1903500000,51100000,2008-10-28,0.13,0.11,397600000,-196200000,75900000,0.12852112676056338,-272100000
2008-12-31,2041000000,158000000,2009-02-05,0.4,0.38,395000000,412900000,81600000,0.4,331300000
2009-03-31,1696500000,27200000,2009-05-04,0.08,0.02,394400000,90000000,58400000,0.06896551724137931,31600000
2009-06-30,1682800000,-17900000,2009-08-13,0.1,0.1,393400000,389300000,63900000,-0.04550076258261312,325400000
2009-09-30,1833400000,140700000,2009-10-30,0.43,0.17,396400000,2700000,45400000,0.35494450050454085,-42700000
2009-12-31,2262300000,256200000,2010-01-28,0.64,0.61,400800000,614200000,58800000,0.6392215568862275,555400000
2010-03-31,1860000000,57500000,2010-04-27,0.17,0.16,403600000,181300000,57200000,0.14246778989098116,124100000
2010-06-30,1840100000,23900000,2010-08-12,0.14,0.15,396000000,158500000,109200000,0.060353535353535354,49300000
2010-09-30,2091700000,191100000,2010-10-29,0.49,0.39,400800000,-39100000,57700000,0.47679640718562877,-96800000
2010-12-31,2492000000,343900000,2011-02-03,0.89,0.72,401800000,547100000,343200000,0.8558984569437531,203900000
2011-03-31,2165700000,124700000,2011-05-05,0.36,0.28,404000000,219600000,79100000,0.30866336633663366,140500000
2011-06-30,2060600000,41100000,2011-08-15,0.13,0.12,395400000,299400000,127100000,0.1039453717754173,172300000
2011-09-30,2476700000,278600000,2011-11-03,0.71,0.59,399200000,-36200000,80800000,0.6978957915831663,-117000000
2011-12-31,2737500000,396700000,2012-02-03,1.01,1.01,395200000,646400000,100700000,1.0037955465587045,545700000
2012-03-31,2248200000,130400000,2012-05-04,0.38,0.33,396300000,259500000,90400000,0.32904365379762807,169100000
2012-06-30,2251200000,51200000,2012-08-14,0.17,0.16,388200000,257000000,148800000,0.13189077794951057,108200000
2012-09-30,2549500000,299500000,2012-11-01,0.79,0.77,395500000,-125200000,95500000,0.7572692793931732,-220700000
2012-12-31,2933000000,447500000,2013-02-05,1.02,1.05,394700000,780300000,109900000,1.1337724854319737,670400000
2013-03-31,2291800000,178800000,2013-05-02,0.45,0.34,394000000,279100000,100100000,0.45380710659898477,179000000
2013-06-30,2407400000,94000000,2013-08-15,0.28,0.21,395500000,292100000,155500000,0.23767383059418457,136600000
2013-09-30,2675000000,300700000,2013-10-31,0.76,0.73,394900000,29900000,85700000,0.7614585971131932,-55800000
2013-12-31,3018700000,432500000,2014-02-05,1.09,1.06,395400000,752500000,131200000,1.0938290338897318,621300000
2014-03-31,2549800000,213200000,2014-05-02,0.64,0.55,392100000,387000000,125900000,0.5437388421321091,261100000
2014-06-30,2725300000,257700000,2014-08-15,0.66,0.56,389800000,365800000,167400000,0.6611082606464854,198400000
2014-09-30,2631000000,228100000,2014-11-04,0.59,0.55,388200000,127700000,78700000,0.5875837197320969,49000000
2014-12-31,3044500000,435700000,2015-02-05,1.13,1.05,386100000,866000000,108700000,1.1284641284641284,757300000
2015-03-31,2580500000,272100000,2015-05-05,0.72,0.51,384700000,391300000,92400000,0.7073043930335327,298900000
2015-06-30,2524400000,153000000,2015-08-17,0.4,0.34,383700000,558300000,193200000,0.39874902267396406,365100000
2015-09-30,2834700000,309300000,2015-11-02,0.82,0.7,379000000,8200000,89900000,0.8160949868073879,-81700000
2015-12-31,3124800000,446200000,2016-02-05,1.22,1.11,376000000,954100000,133500000,1.1867021276595744,820600000
2016-03-31,2656500000,265600000,2016-05-03,0.73,0.61,375600000,353900000,111000000,0.7071352502662407,242900000
2016-06-30,2646300000,93500000,2016-08-19,0.43,0.4,375800000,472500000,190900000,0.2488025545502927,281600000
2016-09-30,2865000000,294000000,2016-11-02,0.84,0.8,373300000,-150000000,85000000,0.7875703187784624,-235000000
2016-12-31,3208000000,428000000,2017-02-02,1.22,1.17,372600000,974000000,123000000,1.1486849168008588,851000000
2017-03-31,2857000000,298000000,2017-05-03,0.91,0.73,372300000,428000000,108000000,0.8004297609454741,320000000
2017-06-30,2894000000,229000000,2017-08-18,0.51,0.43,374000000,548000000,188000000,0.6122994652406417,360000000
2017-09-30,3274000000,427000000,2017-11-01,1.21,0.97,375400000,82000000,116000000,1.1374533830580713,-34000000
2017-12-31,3744000000,123000000,2018-02-02,1.52,1.44,376100000,1357000000,147000000,0.32704068067003456,1210000000
2018-03-31,3370000000,372000000,2018-05-02,1.17,1.07,375700000,481000000,105000000,0.9901517167953154,376000000
2018-06-30,3295000000,186000000,2018-08-20,0.61,0.56,375800000,642000000,261000000,0.494944119212347,381000000
2018-09-30,3524000000,500000000,2018-10-31,1.41,1.22,374400000,-119000000,128000000,1.3354700854700854,-247000000
2018-12-31,4005000000,573000000,2019-02-05,1.74,1.55,369900000,1392000000,164000000,1.5490673154906731,1228000000
2019-03-31,3744000000,555000000,2019-05-01,1.55,1.3,368300000,483000000,149000000,1.5069237035025793,334000000
2019-06-30,3590000000,157000000,2019-08-19,0.64,0.53,369100000,761000000,303000000,0.4253589813058792,458000000
2019-09-30,3895000000,595000000,2019-10-31,1.67,1.6,368600000,-170000000,125000000,1.6142159522517634,-295000000
2019-12-31,4624000000,557000000,2020-02-06,2.11,1.9,366700000,1425000000,166000000,1.5189528224706845,1259000000
2020-03-31,3345000000,-6000000,2020-05-01,0.85,0.73,360200000,690000000,177000000,-0.01665741254858412,513000000
2020-06-30,2430000000,-462000000,2020-08-20,-0.53,-0.19,360600000,335000000,155000000,-1.281198003327787,180000000
2020-09-30,3562000000,523000000,2020-11-02,1.44,0.9,367200000,358000000,116000000,1.4242919389978212,242000000
2020-12-31,4853000000,873000000,2021-02-05,2.61,1.69,368000000,1620000000,134000000,2.3722826086956523,1486000000
2021-03-31,3864000000,456000000,2021-05-03,1.62,1.32,369000000,799000000,136000000,1.2357723577235773,663000000
2021-06-30,3936000000,1018000000,2021-08-19,0.78,0.5,368500000,854000000,251000000,2.762550881953867,603000000
2021-09-30,4392000000,692000000,2021-11-02,1.89,1.7,367900000,-81000000,205000000,1.8809459092144605,-286000000
2021-12-31,5539000000,1088000000,2022-02-03,3.01,2.64,366000000,1927000000,254000000,2.9726775956284155,1673000000
2022-03-31,4245000000,558000000,2022-05-03,1.9,1.67,363600000,123000000,199000000,1.5346534653465347,-76000000
2022-06-30,3561000000,52000000,2022-08-18,0.42,0.33,361600000,1070000000,382000000,0.14380530973451328,688000000
2022-09-30,3930000000,489000000,2022-11-02,1.37,1.31,361400000,-650000000,152000000,1.353071389042612,-802000000
2022-12-31,4620000000,394000000,2023-02-02,1.54,1.3,360400000,1401000000,267000000,1.0932297447280799,1134000000
2023-03-31,3751000000,156000000,2023-05-03,0.47,0.51,361200000,266000000,233000000,0.4318936877076412,33000000
2023-06-30,3609000000,-33000000,2023-08-18,0.07,-0.04,358300000,714000000,2637000000,-0.09210159084566007,-1923000000
2023-09-30,3518000000,31000000,2023-11-01,0.11,-0.2,360500000,-408000000,295000000,0.08599167822468794,-703000000
2023-12-31,4279000000,313000000,2024-02-05,0.88,0.55,360000000,1345000000,232000000,0.8694444444444445,1113000000
2024-03-31,3940000000,330000000,2024-05-01,0.97,0.49,360800000,534000000,175000000,0.9146341463414634,359000000
2024-06-30,3871000000,-284000000,2024-08-19,0.64,0.27,359400000,889000000,217000000,-0.7902058987200891,672000000
2024-09-30,3361000000,-156000000,2024-10-31,0.14,0.1,359600000,-670000000,141000000,-0.43381535038932145,-811000000
2024-12-31,4004000000,-590000000,2025-02-04,0.62,0.3198,360000000,1057000000,132000000,-1.6388888888888888,925000000
2025-03-31,3550000000,159000000,2025-05-01,0.65,0.3113,361400000,284000000,122000000,0.4399557277255119,162000000
2025-06-30,3407000000,-546000000,2025-08-20,0.09,0.0828,360700000,601000000,207000000,-1.5137233157748822,394000000
2025-09-30,3481000000,47000000,2025-10-29,0.32,0.231,363300000,-340000000,96000000,0.12936966694192129,-436000000
