fiscalDateEnding,totalRevenue,netIncome,reportedDate,reportedEPS,estimatedEPS,commonStockSharesOutstanding,operatingCashflow,capitalExpenditures,eps_computed_simple,freeCashFlow
2005-09-30,1816000000,123000000,2005-10-27,0.77,0.62,164000000,163000000,100000000,0.75,63000000
2005-12-31,1729000000,66000000,2006-01-26,0.45,0.58,162913907,395000000,119000000,0.4051219519276522,276000000
2006-03-31,1803000000,105000000,2006-04-27,0.68,0.62,165354331,37000000,82000000,0.6349999988811905,-45000000
2006-06-30,1929000000,114000000,2006-07-27,0.7,0.69,166423358,126000000,95000000,0.6849999986179824,31000000
2006-09-30,1966000000,95000000,2006-10-26,0.62,0.57,165217391,70000000,114000000,0.5750000010592106,-44000000
2006-12-31,1752000000,95000000,2007-01-25,0.5,0.47,163793103,376000000,114000000,0.5800000015873684,262000000
2007-03-31,1637000000,77000000,2007-04-26,0.6,0.53,169230769,-66000000,91000000,0.45500000062045454,-157000000
2007-06-30,1764000000,105000000,2007-07-26,0.67,0.66,172131148,165000000,112000000,0.6099999983733333,53000000
2007-09-30,1692000000,20000000,2007-10-25,0.63,0.63,166666667,312000000,151000000,0.11999999976,161000000
2007-12-31,1327000000,98000000,2008-01-24,0.61,0.55,166666667,321000000,175000000,0.587999998824,146000000
2008-03-31,1727000000,133000000,2008-04-24,0.74,0.66,158333333,-53000000,135000000,0.840000001768421,-188000000
2008-06-30,1834000000,115000000,2008-07-24,0.77,0.77,155405405,132000000,149000000,0.7400000019304348,-17000000
2008-09-30,1819000000,100000000,2008-10-23,0.68,0.69,150200000,214000000,154000000,0.6657789613848203,60000000
2008-12-31,1346000000,-2000000,2009-01-29,0.03,0.15,148148148,360000000,206000000,-0.0135000000135,154000000
2009-03-31,1129000000,2000000,2009-04-23,0.13,0.07,145800000,82000000,112000000,0.013717421124828532,-30000000
2009-06-30,1253000000,65000000,2009-07-23,0.43,0.36,146200000,255000000,96000000,0.44459644322845415,159000000
2009-09-30,1337000000,101000000,2009-10-22,0.69,0.57,147000000,331000000,66000000,0.6870748299319728,265000000
2009-12-31,1328000000,-32000000,2010-01-28,0.57,0.5,145200000,90000000,44000000,-0.22038567493112948,46000000
2010-03-31,1370000000,101000000,2010-04-22,0.69,0.57,146600000,-225000000,33000000,0.6889495225102319,-258000000
2010-06-30,1502000000,148000000,2010-07-29,1.02,0.83,147000000,206000000,46000000,1.0068027210884354,160000000
2010-09-30,1507000000,170000000,2010-10-28,1.17,1.12,146600000,316000000,59000000,1.159618008185539,257000000
2010-12-31,825000000,19000000,2011-01-31,0.71,0.74,143800000,278000000,112000000,0.13212795549374132,166000000
2011-03-31,1758000000,220000000,2011-04-28,1.26,0.97,144600000,-146000000,99000000,1.5214384508990317,-245000000
2011-06-30,1885000000,211000000,2011-07-28,1.38,1.31,145000000,207000000,112000000,1.4551724137931035,95000000
2011-09-30,1812000000,165000000,2011-10-27,1.19,1.12,142400000,212000000,129000000,1.1587078651685394,83000000
2011-12-31,1723000000,100000000,2012-01-26,0.71,0.8,139100000,352000000,126000000,0.7189072609633357,226000000
2012-03-31,1821000000,158000000,2012-04-26,1.22,1.12,140700000,19000000,91000000,1.122956645344705,-72000000
2012-06-30,1853000000,179000000,2012-07-30,1.4,1.3,141200000,316000000,89000000,1.2677053824362605,227000000
2012-09-30,2259000000,154000000,2012-10-25,1.57,1.42,156400000,353000000,121000000,0.9846547314578005,232000000
2012-12-31,2169000000,-54000000,2013-01-31,1.19,1.19,153600000,440000000,169000000,-0.3515625,271000000
2013-03-31,2307000000,247000000,2013-04-25,1.62,1.57,156700000,5000000,88000000,1.576260370134014,-83000000
2013-06-30,2440000000,264000000,2013-07-29,1.8,1.64,156700000,362000000,100000000,1.6847479259731972,262000000
2013-09-30,2338000000,308000000,2013-10-24,1.68,1.64,156400000,427000000,126000000,1.969309462915601,301000000
2013-12-31,2265000000,346000000,2014-01-30,1.35,1.25,155600000,503000000,174000000,2.223650385604113,329000000
2014-03-31,2305000000,233000000,2014-04-24,1.61,1.57,153000000,-30000000,123000000,1.522875816993464,-153000000
2014-06-30,2460000000,292000000,2014-07-28,1.92,1.84,151300000,419000000,132000000,1.9299405155320555,287000000
2014-09-30,2413000000,210000000,2014-10-30,1.89,1.81,150300000,560000000,153000000,1.3972055888223553,407000000
2014-12-31,2349000000,16000000,2015-01-29,1.64,1.55,150000000,459000000,188000000,0.10666666666666667,271000000
2015-03-31,2443000000,171000000,2015-04-30,1.84,1.59,149700000,91000000,125000000,1.1422845691382766,-34000000
2015-06-30,2533000000,297000000,2015-07-27,2.01,1.83,149800000,591000000,141000000,1.9826435246995995,450000000
2015-09-30,2447000000,256000000,2015-10-29,1.84,1.84,149800000,368000000,160000000,1.7089452603471296,208000000
2015-12-31,2225000000,124000000,2016-01-28,1.59,1.55,149500000,562000000,224000000,0.8294314381270903,338000000
2016-03-31,2236000000,251000000,2016-04-28,1.71,1.53,148800000,51000000,110000000,1.6868279569892473,-59000000
2016-06-30,2297000000,255000000,2016-07-28,1.68,1.73,148900000,494000000,124000000,1.7125587642713231,370000000
2016-09-30,2272000000,232000000,2016-10-27,1.86,1.67,148200000,450000000,141000000,1.5654520917678811,309000000
2016-12-31,2170000000,128000000,2017-01-26,1.51,1.5,147500000,394000000,251000000,0.8677966101694915,143000000
2017-03-31,2291000000,278000000,2017-04-27,1.83,1.76,147200000,52000000,133000000,1.888586956521739,-81000000
2017-06-30,2409000000,292000000,2017-07-27,1.98,1.91,146400000,431000000,146000000,1.994535519125683,285000000
2017-09-30,2459000000,323000000,2017-10-26,2.19,2.03,145500000,528000000,159000000,2.2199312714776633,369000000
2017-12-31,2355000000,581000000,2018-02-01,1.62,1.18,144800000,646000000,211000000,4.012430939226519,435000000
2018-03-31,2604000000,290000000,2018-04-26,2.23,2.09,144800000,-35000000,128000000,2.0027624309392267,-163000000
2018-06-30,2613000000,344000000,2018-07-26,2.22,2.2,144000000,443000000,116000000,2.388888888888889,327000000
2018-09-30,2540000000,412000000,2018-10-25,2.34,2.29,142400000,395000000,137000000,2.893258426966292,258000000
2018-12-31,2365000000,34000000,2019-01-31,1.39,1.59,141100000,740000000,147000000,0.24096385542168675,593000000
2019-03-31,2374000000,209000000,2019-04-25,1.77,1.88,140100000,-5000000,106000000,1.4917915774446824,-111000000
2019-06-30,2356000000,258000000,2019-07-25,1.99,2.08,139100000,422000000,92000000,1.8547807332854063,330000000
2019-09-30,2318000000,266000000,2019-10-24,1.94,1.98,137800000,416000000,110000000,1.93033381712627,306000000
2019-12-31,2199000000,26000000,2020-01-30,1.42,1.33,137100000,671000000,117000000,0.18964259664478483,554000000
2020-03-31,2235000000,258000000,2020-04-30,2.03,1.71,136500000,171000000,101000000,1.89010989010989,70000000
2020-06-30,1918000000,27000000,2020-08-03,0.85,1.04,136100000,436000000,99000000,0.19838354151359294,337000000
2020-09-30,2122000000,161000000,2020-10-29,1.57,1.37,136300000,442000000,78000000,1.1812179016874542,364000000
2020-12-31,2189000000,32000000,2021-01-28,1.69,1.51,137000000,406000000,105000000,0.23357664233576642,301000000
2021-03-31,2414000000,274000000,2021-04-29,2.13,2.04,137600000,216000000,97000000,1.9912790697674418,119000000
2021-06-30,2658000000,-146000000,2021-08-02,2.46,2.33,135900000,426000000,113000000,-1.0743193524650478,313000000
2021-09-30,2720000000,351000000,2021-10-28,2.46,2.46,137000000,547000000,123000000,2.562043795620438,424000000
2021-12-31,2691000000,378000000,2022-01-27,1.81,1.87,134600000,430000000,245000000,2.8083209509658245,185000000
2022-03-31,2709000000,235000000,2022-04-28,2.06,2.1,130700000,17000000,115000000,1.7980107115531752,-98000000
2022-06-30,2774000000,256000000,2022-07-28,2.83,2.7,126400000,245000000,139000000,2.0253164556962027,106000000
2022-09-30,2691000000,301000000,2022-10-27,2.05,2.0,122300000,256000000,164000000,2.461161079313164,92000000
2022-12-31,2361000000,1000000,2023-01-26,0.89,1.24,120500000,457000000,206000000,0.008298755186721992,251000000
2023-03-31,2407000000,134000000,2023-04-27,1.63,1.23,119700000,-2000000,176000000,1.1194653299916457,-178000000
2023-06-30,2322000000,272000000,2023-07-27,1.99,1.94,119600000,410000000,241000000,2.274247491638796,169000000
2023-09-30,2264000000,178000000,2023-10-26,1.47,1.45,119000000,514000000,236000000,1.495798319327731,278000000
2023-12-31,2205000000,310000000,2024-02-01,1.31,1.3,118700000,452000000,180000000,2.611625947767481,272000000
2024-03-31,2310000000,165000000,2024-04-25,1.61,1.43,118200000,-16000000,185000000,1.3959390862944163,-201000000
2024-06-30,2363000000,230000000,2024-07-25,2.15,2.01,118600000,367000000,118000000,1.93929173693086,249000000
2024-09-30,2464000000,180000000,2024-10-31,2.26,2.14,117800000,396000000,121000000,1.5280135823429541,275000000
2024-12-31,2245000000,330000000,2025-01-30,1.87,1.57,117900000,540000000,175000000,2.7989821882951653,365000000
2025-03-31,2290000000,182000000,2025-04-24,1.91,1.89,117900000,-167000000,147000000,1.5436810856658185,-314000000
2025-06-30,2287000000,140000000,2025-07-31,1.6,1.75,116200000,233000000,150000000,1.2048192771084338,83000000
2025-09-30,2202000000,47000000,2025-11-03,1.14,1.17,115400000,402000000,137000000,0.4072790294627383,265000000
