fiscalDateEnding,totalRevenue,netIncome,reportedDate,reportedEPS,estimatedEPS,commonStockSharesOutstanding,operatingCashflow,capitalExpenditures,eps_computed_simple,freeCashFlow
2012-03-31,42600000,-10184000,2012-05-11,-5.9695,,39375935,-14071000,4605000,-0.258635128283303,-18676000
2012-06-30,55697000,-11385000,2012-08-07,-0.19,-0.32,39461000,-17774000,3408000,-0.2885127087504118,-21182000
2012-09-30,60813000,-8907000,2012-11-07,-0.18,-0.2,40755000,-20429000,3041000,-0.21854987118145014,-23470000
2012-12-31,57568000,-7742000,2013-02-26,-0.12,-0.19,40819000,7629000,1936000,-0.18966657683921703,5693000
2013-03-31,45577000,-10406000,2013-05-07,-0.21,-0.23,41149000,-6972000,1682000,-0.25288585384821016,-8654000
2013-06-30,58167000,-6396000,2013-08-06,-0.12,-0.13,41617000,-990000,1785000,-0.15368719513660284,-2775000
2013-09-30,62046000,-6301000,2013-11-05,-0.09,-0.09,41777000,-489000,1419000,-0.15082461641573114,-1908000
2013-12-31,67056000,-2810000,2014-02-18,-0.02,-0.03,42032000,7579000,1371000,-0.06685382565664255,6208000
2014-03-31,57580000,-6236000,2014-05-06,-0.1,-0.13,42205000,4281000,2172000,-0.1477550053311219,2109000
2014-06-30,82004000,-3031000,2014-08-05,-0.01,-0.02,42648000,-147000,2161000,-0.07107015569311574,-2308000
2014-09-30,99113000,813000,2014-11-04,0.08,0.07,48786000,11208000,5503000,0.016664616898290494,5705000
2014-12-31,105207000,402000,2015-02-17,0.07,0.03,49004000,8880000,4163000,0.008203411966370092,4717000
2015-03-31,86653000,-6320000,2015-05-05,-0.07,-0.08,43950000,-11498000,3611000,-0.14379977246871445,-15109000
2015-06-30,102093000,-603000,2015-08-04,0.06,0.01,44319000,-11773000,2649000,-0.01360590266025858,-14422000
2015-09-30,102874000,624000,2015-11-03,0.08,0.03,47996000,-6038000,3422000,0.013001083423618635,-9460000
2015-12-31,65629000,-15783000,2016-02-23,-0.25,-0.22,45504000,8149000,3080000,-0.34684862869198313,5069000
2016-03-31,64121000,-18795000,2016-05-03,-0.34,-0.31,46209000,-15249000,3348000,-0.40673894695838475,-18597000
2016-06-30,79185000,-16723000,2016-08-02,-0.3,-0.27,46620000,7258000,4840000,-0.3587087087087087,2418000
2016-09-30,88684000,-18756000,2016-11-01,-0.28,-0.24,47278000,-20597000,2097000,-0.39671728922543253,-22694000
2016-12-31,90601000,-13188000,2017-02-28,-0.15,-0.12,61881000,-4365000,2560000,-0.21311872788093275,-6925000
2017-03-31,54751000,-23305000,2017-05-09,-0.18,-0.14,76651000,-24511000,3466000,-0.3040403908624806,-27977000
2017-06-30,74704000,-12093000,2017-08-08,-0.08,-0.07,84434000,186000,49000,-0.143224293531042,137000
2017-09-30,77038000,-6854000,2017-11-07,-0.01,-0.05,84862000,-2203000,94000,-0.08076642077726191,-2297000
2017-12-31,79674000,-2940000,2018-02-27,0.01,-0.01,85689000,-1914000,512000,-0.03431012148583832,-2426000
2018-03-31,69972000,-5128000,2018-05-01,-0.01,-0.03,91422000,3361000,1043000,-0.056091531578832225,2318000
2018-06-30,75896000,-3738000,2018-07-31,0.02,0.01,97321000,4080000,432000,-0.038408976479896426,3648000
2018-09-30,78002000,-3470000,2018-11-06,0.04,0.04,102798000,6816000,909000,-0.03375552053541898,5907000
2018-12-31,92289000,709000,2019-02-26,0.04,0.06,113888000,1875000,1767000,0.006225414442259061,108000
2019-03-31,100150000,2765000,2019-04-30,0.08,0.05,115863000,17063000,658000,0.023864391565901106,16405000
2019-06-30,134094000,10618000,2019-07-30,0.18,0.13,130737000,14772000,2518000,0.08121648806382278,12254000
2019-09-30,180057000,31099000,2019-10-29,0.3,0.25,133611000,4961000,4192000,0.23275778191915336,769000
2019-12-31,210032000,116666000,2020-02-18,0.39,0.33,132872000,102271000,7420000,0.8780329941597929,94851000
2020-03-31,205545000,68936000,2020-05-05,0.38,0.32,138104000,39222000,3353000,0.49916005329317037,35869000
2020-06-30,125538000,-47294000,2020-08-04,0.17,0.14,125603000,25431000,4451000,-0.37653559230273165,20980000
2020-09-30,178503000,39362000,2020-10-27,0.3,0.24,141820000,67501000,3903000,0.27754900578197716,63598000
2020-12-31,264839000,72991000,2021-02-09,0.51,0.4,145990000,84180000,8851000,0.4999726008630728,75329000
2021-03-31,301754000,31698000,2021-04-27,0.56,0.45,146442000,75841000,9940000,0.2164542958987176,65901000
2021-06-30,316057000,39351000,2021-07-27,0.53,0.43,141533000,65660000,16428000,0.2780340980548706,49232000
2021-09-30,351519000,21809000,2021-10-26,0.6,0.48,141220000,113354000,12682000,0.1544327998867016,100672000
2021-12-31,412719000,52591000,2022-02-08,0.73,0.58,141480000,97173000,13208000,0.3717203845066441,83965000
2022-03-31,441292000,51821000,2022-04-26,0.79,0.67,144617000,102443000,12375000,0.35833269947516544,90068000
2022-06-30,530196000,76976000,2022-07-26,1.07,0.84,143725000,200650000,8691000,0.5355783614541659,191959000
2022-09-30,634713000,114812000,2022-10-25,1.25,1.08,145962000,188010000,8948000,0.7865882901029035,179062000
2022-12-31,724652000,153753000,2023-02-07,1.51,1.25,146311000,253714000,16429000,1.0508642549090637,237285000
2023-03-31,726016000,146873000,2023-04-25,1.37,1.21,145986000,246232000,22476000,1.0060759250887072,223756000
2023-06-30,711118000,157191000,2023-07-27,1.47,1.25,145098000,269243000,44002000,1.0833436711739652,225241000
2023-09-30,551082000,113953000,2023-10-26,1.02,1.01,143863000,145855000,23848000,0.7920938670818765,122007000
2023-12-31,302570000,20919000,2024-02-06,0.54,0.55,139205000,35450000,20075000,0.15027477461298086,15375000
2024-03-31,263339000,-16097000,2024-04-23,0.35,0.39,135891000,49201000,7371000,-0.11845523250252041,41830000
2024-06-30,303458000,10833000,2024-07-23,0.43,0.48,136123000,127062000,9636000,0.07958243647289584,117426000
2024-09-30,380873000,45762000,2024-10-22,0.65,0.78,139914000,170138000,8533000,0.3270723444401561,161605000
2024-12-31,382713000,62160000,2025-02-04,0.94,0.75,138128000,167292000,8064000,0.4500173751882312,159228000
2025-03-31,356084000,29730000,2025-04-22,0.68,0.72,136208000,48414000,14608000,0.21826911781980501,33806000
2025-06-30,363153000,37052000,2025-07-22,0.28,0.22,135219000,26629000,8259000,0.27401474644835416,18370000
2025-09-30,410427000,66638000,2025-10-21,0.9,0.63,132995000,13918000,8032000,0.5010564306928832,5886000
