fiscalDateEnding,totalRevenue,netIncome,reportedDate,reportedEPS,estimatedEPS,commonStockSharesOutstanding,operatingCashflow,capitalExpenditures,eps_computed_simple,freeCashFlow
2005-09-30,504406000,267524000,2005-11-01,0.04,0.28,286182000,219956000,360325000,0.9348037263000468,-140369000
2005-12-31,492652000,225886000,2006-01-31,0.11,0.23,286182000,133338000,1482168000,0.7893089013285252,-1348830000
2006-03-31,520979000,377815000,2006-05-02,0.06,0.05,314049000,161077000,536783000,1.203044747794134,-375706000
2006-06-30,491939000,160157000,2006-08-01,0.08,0.09,314698000,202654000,612271000,0.5089228403103928,-409617000
2006-09-30,513865000,69811000,2006-10-31,0.08,0.09,315886000,221558000,645637000,0.22100061414560948,-424079000
2006-12-31,463653000,465061000,2007-02-06,0.02,0.04,290036000,170177000,501389000,1.6034595705360715,-331212000
2007-03-31,475849000,126237000,2007-05-01,0.05,0.04,316265000,167100000,66958000,0.3991494474570376,100142000
2007-06-30,491560000,282401000,2007-07-31,0.08,0.05,307631000,188693000,1571112000,0.9179861587421294,-1382419000
2007-09-30,501102000,457707000,2007-10-30,0.05,0.04,294331000,233043000,519617000,1.5550757480523627,-286574000
2007-12-31,513790000,123277000,2008-02-05,0.13,0.07,272086000,204292000,294863000,0.4530810111508861,-90571000
2008-03-31,502641000,140482000,2008-04-30,0.47,0.07,289317000,166476000,209552000,0.4855642772460657,-43076000
2008-06-30,535525000,132612000,2008-07-30,0.44,0.11,290445000,222650000,497546000,0.45658214119712853,-274896000
2008-09-30,538319000,178241000,2008-10-29,0.64,0.14,290795000,181383000,169887000,0.6129438264069189,11496000
2008-12-31,528986000,-31243000,2009-02-04,-0.13,-0.11,270345000,184548000,35873000,-0.11556714568421832,148675000
2009-03-31,515144000,80795000,2009-04-29,0.28,0.07,288853000,142451000,109627000,0.27970974855722464,32824000
2009-06-30,471410000,105932000,2009-07-29,0.35,0.13,289338000,223159000,177415000,0.3661185188257332,45744000
2009-09-30,459017000,135981000,2009-10-28,0.48,0.12,290215000,166658000,72912000,0.4685526247781817,93746000
2009-12-31,464400000,45292000,2010-02-03,0.15,,273658000,140194000,501299000,0.16550585036797755,-361105000
2010-03-31,488690000,55483000,2010-04-28,0.18,0.07,280645000,152120000,555663000,0.19769815959664344,-403543000
2010-06-30,510937000,9961000,2010-07-28,0.02,0.12,282217000,204627000,255611000,0.03529553499612001,-50984000
2010-09-30,453960000,28783000,2010-10-27,0.09,0.07,282717000,203934000,495003000,0.10180852230322195,-291069000
2010-12-31,470621000,189383000,2011-02-02,0.8,0.28,282717000,166011000,267378000,0.6698677476062636,-101367000
2011-03-31,446869000,127331000,2011-04-27,0.42,0.1,292895000,187528000,294154000,0.43473258334898174,-106626000
2011-06-30,424305000,555924000,2011-07-27,1.88,0.35,312199000,204949000,484803000,1.7806719432157054,-279854000
2011-09-30,511958000,107848000,2011-10-26,0.35,0.24,312844000,221574000,270504000,0.3447341166843539,-48930000
2011-12-31,512383000,102482000,2012-02-01,0.33,0.14,295831000,184283000,673549000,0.34642076050177295,-489266000
2012-03-31,527659000,145299000,2012-04-25,0.47,0.2,298805000,234245000,7225000,0.4862669634042268,227020000
2012-06-30,543781000,103264000,2012-07-25,0.33,0.26,300193000,350504000,7530000,0.3439920317928799,342974000
2012-09-30,451699000,226139000,2012-10-24,0.72,0.3,318773000,277117000,7737000,0.7094044978715262,269380000
2012-12-31,444743000,367017000,2013-02-05,1.17,0.52,327108000,183251000,994004000,1.1220055761399905,-810753000
2013-03-31,504722000,1017686000,2013-04-30,-0.44,0.74,337532000,193514000,10355000,3.015080051669175,183159000
2013-06-30,617217000,324759000,2013-07-30,-0.18,0.21,359653000,224305000,12452000,0.9029787044734786,211853000
2013-09-30,626629000,377192000,2013-10-30,1.05,0.01,359811000,349274000,110364000,1.0483059161615405,238910000
2013-12-31,639134000,110976000,2014-02-04,0.3,-0.04,375860000,101823000,15150000,0.29525887298462195,86673000
2014-03-31,633442000,79135000,2014-04-30,0.22,0.26,376384000,336882000,45142000,0.2102507014113246,291740000
2014-06-30,652568000,112690000,2014-07-29,0.27,0.3,377118000,282597000,58625000,0.29881893730874687,223972000
2014-09-30,664078000,221744000,2014-10-28,0.28,0.35,377954000,394792000,70000000,0.5866957354598707,324792000
2014-12-31,664660000,217739000,2015-02-03,0.59,0.37,378886000,309802000,70258000,0.5746820943502795,239544000
2015-03-31,666371000,182522000,2015-04-28,0.49,0.42,380327000,347895000,53952000,0.4799080791003531,293943000
2015-06-30,679112000,286420000,2015-07-28,0.78,0.43,380491000,327152000,60397000,0.7527641915314686,266755000
2015-09-30,696289000,196692000,2015-10-26,0.54,0.4,380663000,388299000,68323000,0.5167090050779823,319976000
2015-12-31,703193000,204486000,2016-02-02,0.55,0.44,381220000,293153000,63317000,0.5363989297518493,229836000
2016-03-31,619083000,3587758000,2016-04-26,9.76,0.73,382243000,201382000,49353000,9.386065931881028,152029000
2016-06-30,595154000,218839000,2016-07-26,0.59,0.42,382065000,273694000,56742000,0.5727795008702707,216952000
2016-09-30,606074000,208316000,2016-10-25,0.56,0.4,382373000,344245000,64581000,0.5447978806034945,279664000
2016-12-31,605489000,277250000,2017-01-31,0.75,0.4,381860000,292168000,58683000,0.7260514324621589,233485000
2017-03-31,604100000,143742000,2017-04-25,0.39,0.29,382280000,303904000,47824000,0.37601234697080677,256080000
2017-06-30,612480000,196041000,2017-07-25,0.53,0.33,382692000,255209000,58753000,0.512268351572544,196456000
2017-09-30,624122000,138229000,2017-10-24,0.37,0.34,382945000,411023000,60621000,0.36096306258078836,350402000
2017-12-31,630704000,125442000,2018-01-30,0.34,0.36,383105000,302754000,63205000,0.32743503739183777,239549000
2018-03-31,633016000,211809000,2018-04-24,0.57,0.28,383018000,361018000,39626000,0.5530001200987943,321392000
2018-06-30,639808000,113602000,2018-07-24,0.31,0.31,383423000,324436000,51443000,0.296283738847174,272993000
2018-09-30,652867000,214937000,2018-10-23,0.6,0.35,383884000,358737000,54752000,0.5599009075658272,303985000
2018-12-31,652743000,117187000,2019-01-29,0.31,0.36,384296000,312104000,53445000,0.30493942169577615,258659000
2019-03-31,662494000,104539000,2019-04-30,0.28,0.31,385184000,373545000,36238000,0.2714001620004985,337307000
2019-06-30,669374000,308968000,2019-07-30,0.83,0.35,386107000,317228000,49435000,0.8002134123442466,267793000
2019-09-30,685120000,267106000,2019-10-22,0.71,0.37,386896000,403407000,49602000,0.6903819114180555,353805000
2019-12-31,683895000,289764000,2020-01-28,0.77,0.35,387143000,362804000,54987000,0.7484676204916529,307817000
2020-03-31,682305000,308606000,2020-05-05,0.83,0.33,386949000,382451000,44692000,0.7975366262737467,337759000
2020-06-30,653532000,260888000,2020-07-28,0.7,0.36,385913000,252635000,36211000,0.676028016677334,216424000
2020-09-30,622433000,91286000,2020-10-27,0.24,0.34,385652000,399238000,37390000,0.2367056309833736,361848000
2020-12-31,613435000,252856000,2021-02-10,0.68,0.24,385756000,231212000,47951000,0.6554817034602184,183261000
2021-03-31,597602000,57539000,2021-04-27,0.15,0.24,386916000,346053000,33037000,0.14871186510767195,313016000
2021-06-30,598059000,316386000,2021-07-27,0.84,0.24,387820000,230072000,42624000,0.8158063018926306,187448000
2021-09-30,623206000,431951000,2021-10-26,1.15,0.38,388374000,402088000,45661000,1.1122037005566798,356427000
2021-12-31,645130000,526974000,2022-02-01,1.4,0.43,389000000,281971000,47325000,1.3546889460154241,234646000
2022-03-31,653348000,70765000,2022-04-26,0.19,0.24,389628000,368056000,37273000,0.18162195735419426,330783000
2022-06-30,687030000,224101000,2022-07-26,0.59,0.29,389363000,322818000,49279000,0.5755580268284352,273539000
2022-09-30,695099000,323025000,2022-10-25,0.86,0.35,389300000,429354000,61568000,0.8297585409709736,367786000
2022-12-31,699703000,159020000,2023-02-09,0.42,0.39,377689000,334528000,84121000,0.42103423716338045,250407000
2023-03-31,705088000,212035000,2023-04-25,0.56,0.33,378341000,393279000,59385000,0.5604335771169395,333894000
2023-06-30,717309000,139203000,2023-07-27,0.37,0.38,378642000,352701000,83884000,0.3676375045557545,268817000
2023-09-30,724067000,172508000,2023-10-31,0.45,0.4,378853000,442544000,97530000,0.455342837459384,345014000
2023-12-31,727500000,311692000,2024-01-30,0.82,0.43,390787000,344274000,92741000,0.797600739021513,251533000
2024-03-31,730818000,295787000,2024-04-23,0.77,0.33,390561000,421031000,77204000,0.7573388023893834,343827000
2024-06-30,734163000,177483000,2024-07-29,0.47,0.38,390542000,396937000,83915000,0.4544530421824029,313022000
2024-09-30,748348000,143446000,2024-10-30,0.38,0.39,391026000,401414000,81257000,0.36684517142082623,320157000
2024-12-31,766779000,419115000,2025-02-03,0.26,0.4,391194576,354225000,76313000,1.0713722165718371,277912000
2025-03-31,760810000,256592000,2025-04-29,0.26,0.27,391179000,425525000,66807000,0.6559452322338367,358718000
2025-06-30,768827000,192356000,2025-08-04,0.34,0.3,391498000,359545000,85243000,0.49133328905894796,274302000
2025-09-30,782411000,289051000,2025-11-05,0.3739,0.42,390966000,476661000,102380000,0.739325158709453,374281000
