fiscalDateEnding,totalRevenue,netIncome,reportedDate,reportedEPS,estimatedEPS,commonStockSharesOutstanding,operatingCashflow,capitalExpenditures,eps_computed_simple,freeCashFlow
2005-09-30,264528000,46491000,2005-10-27,0.34,0.34,123576000,-388323000,43171000,0.376213827927753,-431494000
2005-12-31,280398000,72839000,2006-01-26,0.56,0.53,121181000,139726000,81685000,0.6010760762825855,58041000
2006-03-31,430119000,72359000,2006-04-27,0.59,0.65,121789000,305927000,70634000,0.594134117202703,235293000
2006-06-30,251207000,43909000,2006-07-27,0.36,0.36,122044000,91946000,82782000,0.35978007931565664,9164000
2006-09-30,232801000,31795000,2006-10-26,0.32,0.36,122103000,152583000,100074000,0.26039491249191254,52509000
2006-12-31,353783000,72223000,2007-01-25,0.56,0.52,120172000,68832000,151046000,0.6009969044369736,-82214000
2007-03-31,456546000,56618000,2007-04-26,0.59,0.73,122757000,226301000,157670000,0.4612201340860399,68631000
2007-06-30,293240000,107343000,2007-07-26,0.26,0.39,122837000,88016000,273190000,0.873865366298428,-185174000
2007-09-30,226806000,32925000,2007-10-25,0.27,0.31,122838000,27535000,101804000,0.26803594978752504,-74269000
2007-12-31,384814000,60597000,2008-01-31,0.55,0.52,121380000,84868000,244003000,0.49923381117152743,-159135000
2008-03-31,535774000,70520000,2008-05-01,0.57,0.67,122927000,106033000,200014000,0.5736738064054276,-93981000
2008-06-30,334009000,55391000,2008-08-01,0.44,0.44,127321000,-17289000,311121000,0.4350499917531279,-328410000
2008-09-30,297827000,96198000,2008-10-23,0.73,0.4,131558000,238127000,448827000,0.7312212104166983,-210700000
2008-12-31,408878000,33495000,2009-01-29,0.26,0.49,130540000,182286000,384034000,0.25658801899800826,-201748000
2009-03-31,469403000,71993000,2009-04-30,0.55,0.55,131400000,212646000,207715000,0.5478919330289194,4931000
2009-06-30,238040000,26645000,2009-07-29,0.2,0.23,131443000,255470000,231633000,0.20271144146131784,23837000
2009-09-30,218357000,2909000,2009-10-29,0.22,0.17,131505000,84469000,196718000,0.022120831907532033,-112249000
2009-12-31,344027000,55382000,2010-01-28,0.52,0.39,130850000,173156000,327842000,0.42324799388612916,-154686000
2010-03-31,436640000,88065000,2010-04-28,0.65,0.58,135009000,275413000,217527000,0.6522898473435105,57886000
2010-06-30,257515000,30000000,2010-07-29,0.2,0.25,148289000,201166000,305333000,0.20230765599606174,-104167000
2010-09-30,257335000,36522000,2010-10-28,0.24,0.24,149775000,144468000,340151000,0.24384576865297947,-195683000
2010-12-31,371218000,73113000,2011-01-27,0.48,0.39,149133000,168693000,387974000,0.4902536661905816,-219281000
2011-03-31,455671000,122255000,2011-04-28,0.65,0.56,150002000,227514000,263428000,0.8150224663671151,-35914000
2011-06-30,349000000,87754000,2011-07-28,0.51,0.43,150111000,235070000,281483000,0.5845940670570444,-46413000
2011-09-30,336720000,178914000,2011-10-27,0.45,0.43,150301000,250751000,347646000,1.1903713215480936,-96895000
2011-12-31,498543000,90846000,2012-01-26,0.6,0.51,149441000,201929000,381723000,0.6079054610180606,-179794000
2012-03-31,449960000,72035000,2012-04-26,0.5,0.58,150216000,222124000,269587000,0.47954279171326625,-47463000
2012-06-30,337804000,31446000,2012-07-26,0.28,0.3,150149000,196315000,392733000,0.20943196424884614,-196418000
2012-09-30,364057000,31873000,2012-10-25,0.21,0.3,150388000,251531000,361183000,0.2119384525361066,-109652000
2012-12-31,489787000,48041000,2013-01-24,0.48,0.41,150825000,150897000,375882000,0.31852146527432457,-224985000
2013-03-31,558660000,100255000,2013-04-25,0.66,0.52,150949000,305240000,304257000,0.6641647178848485,983000
2013-06-30,520092000,86856000,2013-07-25,0.57,0.56,151393000,303586000,500762000,0.5737121267165589,-197176000
2013-09-30,506598000,88256000,2013-10-24,0.58,0.49,151663000,398274000,454615000,0.5819217607458642,-56341000
2013-12-31,493429000,115205000,2014-02-13,0.47,0.69,153017000,193298000,541265000,0.75289020174229,-347967000
2014-03-31,661625000,192193000,2014-04-24,1.35,0.86,152759000,461561000,492104000,1.2581451829352117,-30543000
2014-06-30,526168000,110921000,2014-07-24,0.58,0.83,152570000,333086000,688899000,0.72701710690175,-355813000
2014-09-30,578723000,98555000,2014-10-23,0.51,0.51,152330000,347298000,588555000,0.6469835226153745,-241257000
2014-12-31,703194000,-14704000,2015-02-05,0.96,0.63,152633000,272797000,682098000,-0.09633565480597249,-409301000
2015-03-31,665181000,173427000,2015-04-23,1.08,0.62,152756000,453116000,627700000,1.1353203802141978,-174584000
2015-06-30,428915000,5536000,2015-07-23,0.01,0.05,152877000,202911000,693302000,0.036212118238845604,-490391000
2015-09-30,415752000,40787000,2015-10-22,-0.33,-0.18,152854000,244191000,578336000,0.26683632747589203,-334145000
2015-12-31,424732000,-134579000,2016-02-04,-0.06,-0.38,153421000,316722000,534680000,-0.8771876079545825,-217958000
2016-03-31,436074000,5636000,2016-04-28,0.07,-0.02,157195000,284917000,397791000,0.03585355768313241,-112874000
2016-06-30,362224000,-258645000,2016-07-28,-0.35,-0.39,166801000,208487000,423947000,-1.5506202001187044,-215460000
2016-09-30,463370000,-8016000,2016-10-27,-0.26,-0.42,172867000,274295000,371583000,-0.04637090942747893,-97288000
2016-12-31,595671000,-191958000,2017-02-02,0.25,-0.08,172906000,296621000,1397412000,-1.1101870380437926,-1100791000
2017-03-31,756781000,163992000,2017-04-27,0.43,0.48,173511000,514817000,980878000,0.9451389249096599,-466061000
2017-06-30,644567000,41126000,2017-07-27,0.06,0.08,173582000,294177000,510785000,0.2369254876657718,-216608000
2017-09-30,624688000,23340000,2017-10-26,0.12,-0.04,173675000,402378000,480159000,0.13438894486828848,-77781000
2017-12-31,961958000,1280071000,2018-02-15,0.76,0.01,219712000,426326000,786337000,5.826131481211768,-360011000
2018-03-31,1370991000,-1585994000,2018-04-26,1.01,0.99,264877000,904412000,732417000,-5.98766219792583,171995000
2018-06-30,1108568000,17806000,2018-07-26,0.44,0.47,265154000,636712000,964673000,0.06715342781930501,-327961000
2018-09-30,1161945000,-39693000,2018-10-25,0.35,0.42,259560000,904266000,1157580000,-0.15292417938049005,-253314000
2018-12-31,1429349000,-636687000,2019-02-14,0.79,0.78,254642000,530866000,877094000,-2.500322020719284,-346228000
2019-03-31,1275169000,190691000,2019-04-25,0.83,0.79,255226000,871287000,371028000,0.7471456669775023,500259000
2019-06-30,902617000,125566000,2019-07-25,0.09,0.03,255223000,443546000,394753000,0.4919854401836825,48793000
2019-09-30,771263000,-361028000,2019-10-31,-0.06,-0.09,255235000,319021000,491552000,-1.4144925264951906,-172531000
2019-12-31,850801000,-1176924000,2020-02-27,-0.03,-0.21,255384000,217850000,345121000,-4.6084484540926605,-127271000
2020-03-31,717621000,-167139000,2020-05-07,0.14,-0.02,255435000,500262000,256156000,-0.6543308473780022,244106000
2020-06-30,500648000,-263075000,2020-07-27,-0.18,-0.13,255524000,446859000,255939000,-1.0295510402154004,190920000
2020-09-30,599309000,-600640000,2020-10-22,-0.15,-0.26,255589000,184456000,276289000,-2.3500228883089647,-91833000
2020-12-31,841051000,63688000,2021-02-17,-0.02,-0.25,273845000,406124000,253847000,0.23256951925359237,152277000
2021-03-31,1130951000,-37941000,2021-05-05,0.3,0.26,278852000,399915000,251277000,-0.13606142326395365,148638000
2021-06-30,1077904000,-933322000,2021-07-28,0.07,0.06,279156000,43479000,218982000,-3.343370731777214,-175503000
2021-09-30,1784050000,-1980117000,2021-10-27,0.12,-0.05,356792000,48108000,236679000,-5.549779703580798,-188571000
2021-12-31,2811115000,1801333000,2022-02-09,0.41,0.51,383780000,1170946000,348190000,4.6936604304549485,822756000
2022-03-31,2486624000,-1514583000,2022-04-27,0.81,0.95,374142000,1021219000,292281000,-4.048150167583431,728938000
2022-06-30,3365211000,894224000,2022-07-27,0.83,0.83,407303000,230421000,392691000,2.1954760951920314,-162270000
2022-09-30,3694194000,687462000,2022-10-26,1.04,1.04,403889000,1150118000,362503000,1.70210627177269,787615000
2022-12-31,2568139000,1711982000,2023-02-15,0.42,0.52,400122000,1063802000,396315000,4.278650011746417,667487000
2023-03-31,1836219000,1218548000,2023-04-26,1.7,1.27,393883000,1662768000,468905000,3.093680102974741,1193863000
2023-06-30,854365000,-66626000,2023-07-25,-0.17,-0.26,361982000,437113000,473246000,-0.18405887585570554,-36133000
2023-09-30,1008196000,81255000,2023-10-25,0.3,-0.08,416190000,454583000,504103000,0.19523534923953,-49520000
2023-12-31,1371202000,502055000,2024-02-13,0.48,0.53,445400000,624386000,533139000,1.1272002694207455,91247000
2024-03-31,1305757000,103488000,2024-04-23,0.82,0.64,444967000,1155663000,534468000,0.2325745504722822,621195000
2024-06-30,891179000,9517000,2024-07-23,-0.08,-0.2,444921000,322045000,558165000,0.02139031423556092,-236120000
2024-09-30,1216986000,-300823000,2024-10-29,0.12,0.06,559603000,592989000,569479000,-0.5375650237757839,23510000
2024-12-31,1808270000,418395000,2025-02-11,0.69,0.46,602521000,756276000,591597000,0.6944073318606322,164679000
2025-03-31,2418769000,242139000,2025-04-21,1.18,1.0139,602838000,1741167000,499649000,0.40166512396365195,1241518000
2025-06-30,2557719000,784147000,2025-07-21,0.45,0.4402,602924000,1241699000,549640000,1.3005735382900665,692059000
2025-09-30,1822787000,335862000,2025-10-21,0.52,0.41,628324000,1017699000,626402000,0.5345363220249425,391297000
