fiscalDateEnding,totalRevenue,netIncome,reportedDate,reportedEPS,estimatedEPS,commonStockSharesOutstanding,operatingCashflow,capitalExpenditures,eps_computed_simple,freeCashFlow
2005-09-30,1754862000,-93102000,2005-11-07,0.06,0.28,129957408,75828000,189467000,-0.7164039467453829,-113639000
2005-12-31,1877834000,-12183000,2006-02-15,0.32,0.32,131638953,88448000,253818000,-0.09254859388011086,-165370000
2006-03-31,2147388000,-8716000,2006-05-04,0.34,0.35,153442640,42726000,203825000,-0.05680298514154866,-161099000
2006-06-30,1670531000,23631000,2006-08-03,0.24,0.17,153922635,170421000,176878000,0.15352517841186905,-6457000
2006-09-30,1594096000,112839000,2006-11-06,0.22,0.26,154320675,167119000,219599000,0.7311982014075561,-52480000
2006-12-31,1481843000,348383000,2007-02-19,0.36,0.34,154146669,26808000,271879000,2.260074786306281,-245071000
2007-03-31,1704293000,76484000,2007-04-26,0.46,0.44,154992044,-266611000,227703000,0.4934704906530557,-494314000
2007-06-30,1392053000,49942000,2007-08-06,0.3,0.28,155213094,229111000,263434000,0.3217640903415017,-34323000
2007-09-30,1451080000,50124000,2007-11-05,0.32,0.31,155420239,105651000,259094000,0.3225062599472647,-153443000
2007-12-31,1274800000,72712000,2008-02-20,0.47,0.44,155304361,180284000,364593000,0.46819032982596026,-184309000
2008-03-31,1519967000,59783000,2008-05-01,0.57,0.54,155721610,96336000,288135000,0.38390946510249924,-191799000
2008-06-30,1325345000,59237000,2008-08-01,0.37,0.35,155895348,182689000,336998000,0.37997926660390147,-154309000
2008-09-30,1506897000,74079000,2008-11-10,0.47,0.39,156097641,143081000,326698000,0.4745683504595691,-183617000
2008-12-31,1447886000,67729000,2009-02-17,0.46,0.47,155999240,227312000,303576000,0.4341623715602717,-76264000
2009-03-31,1593483000,97674000,2009-04-29,0.6,0.55,162925167,139953000,208896000,0.5995022242327976,-68943000
2009-06-30,1224431000,82854000,2009-08-04,0.47,0.34,175675388,368384000,211998000,0.47163123385274663,156386000
2009-09-30,1306173000,64788000,2009-11-02,0.37,0.38,175995506,252793000,213552000,0.3681230360507046,39241000
2009-12-31,1315343000,90276000,2010-02-23,0.48,0.41,172717246,227988000,273700000,0.5226808676650623,-45712000
2010-03-31,1339420000,86211000,2010-05-05,0.49,0.54,176537472,225703000,202487000,0.48834391374993746,23216000
2010-06-30,1111426000,71946000,2010-08-03,0.41,0.44,176736532,308076000,239917000,0.40708052368029946,68159000
2010-09-30,1243337000,100524000,2010-10-29,0.57,0.54,177012278,309868000,235175000,0.567892810237717,74693000
2010-12-31,1203985000,129269000,2011-02-24,0.73,0.65,176885387,249816000,276893000,0.7308065532852638,-27077000
2011-03-31,1235251000,114155000,2011-05-05,0.69,0.63,177480996,372766000,236689000,0.6431956241669953,136077000
2011-06-30,1047481000,77278000,2011-08-02,0.44,0.48,177626992,313929000,231837000,0.43505775293430626,82092000
2011-09-30,1114892000,89961000,2011-11-04,0.51,0.54,177835348,201752000,280534000,0.5058668088866112,-78782000
2011-12-31,1068033000,113299000,2012-02-23,0.74,0.69,177804568,81939000,327670000,0.6372108505108822,-245731000
2012-03-31,1099623000,99262000,2012-05-02,0.57,0.68,178437453,8816000,304294000,0.5562845598339716,-295478000
2012-06-30,1628684000,44339000,2012-07-30,0.45,0.45,301816884,311587000,386082000,0.14690695700111991,-74495000
2012-09-30,1861529000,207628000,2012-11-01,0.7,0.66,315805796,475602000,391374000,0.6574546845872329,84228000
2012-12-31,1683952000,174716000,2013-02-19,0.56,0.58,315914389,365224000,390522000,0.5530485665849174,-25298000
2013-03-31,1995023000,228089000,2013-05-01,0.73,0.65,316002538,473143000,388950000,0.721794835711098,84193000
2013-06-30,1635862000,171021000,2013-07-29,0.54,0.5,315962619,295881000,311302000,0.541269725327856,-15421000
2013-09-30,1892590000,209501000,2013-10-31,0.66,0.73,316218239,407944000,373507000,0.6625202918798115,34437000
2013-12-31,1777729000,177397000,2014-02-06,0.56,0.59,316637990,486571000,383028000,0.5602517878540095,103543000
2014-03-31,2290590000,235957000,2014-05-01,0.74,0.75,316892119,493796000,348691000,0.744597248882671,145105000
2014-06-30,1677614000,127367000,2014-07-31,0.52,0.5,317112801,402867000,375352000,0.40164572227407497,27515000
2014-09-30,1892532000,234614000,2014-11-06,0.75,0.75,317554925,507354000,393450000,0.7388139232921674,113904000
2014-12-31,1881120000,221609000,2015-02-11,0.72,0.69,318109809,231456000,486251000,0.6966430890535664,-254795000
2015-03-31,2513431000,253254000,2015-04-29,0.81,0.8,318491188,481815000,362586000,0.795167996924298,119229000
2015-06-30,1817061000,207507000,2015-07-30,0.66,0.56,318559568,373741000,377793000,0.6513915162014534,-4052000
2015-09-30,1933105000,235920000,2015-11-02,0.75,0.76,318405269,486035000,436906000,0.7409425124808472,49129000
2015-12-31,1691231000,181805000,2016-02-04,0.6,0.62,318543188,82434000,546854000,0.5707389354061465,-464420000
2016-03-31,2055635000,244153000,2016-05-04,0.77,0.78,318481050,499964000,431472000,0.7666170404801165,68492000
2016-06-30,1767184000,203649000,2016-07-28,0.64,0.65,318476699,478474000,437696000,0.6394470949976783,40778000
2016-09-30,2039706000,265319000,2016-11-01,0.83,0.8,318577079,671930000,490003000,0.8328251386848833,181927000
2016-12-31,1776604000,229179000,2017-02-21,0.72,0.74,318282127,524684000,617696000,0.7200498568994419,-93012000
2017-03-31,2105135000,259458000,2017-05-03,0.82,0.82,318124536,436502000,523560000,0.8155862583324915,-87058000
2017-06-30,1762811000,230749000,2017-07-27,0.72,0.67,317947194,471468000,623392000,0.7257463011294888,-151924000
2017-09-30,1988512000,260370000,2017-11-01,0.82,0.83,317949396,584165000,495328000,0.8189038987826855,88837000
2017-12-31,1895494000,237419000,2018-02-22,0.75,0.75,318105193,512799000,705825000,0.746353738399989,-193026000
2018-03-31,2287962000,269546000,2018-05-02,0.85,0.85,317992999,177714000,607334000,0.847647592392435,-429620000
2018-06-30,1853856000,242767000,2018-07-31,0.76,0.75,317885187,520421000,644344000,0.7636939685396539,-123923000
2018-09-30,2271425000,289380000,2018-11-01,0.93,0.9,317967311,709527000,633403000,0.91009355361061,76124000
2018-12-31,2034958000,231306000,2019-02-20,0.73,0.76,318130237,376316000,638290000,0.7270795828187813,-261974000
2019-03-31,2415792000,308678000,2019-05-01,0.97,0.91,318316082,381435000,618418000,0.9697216617538036,-236983000
2019-06-30,1884495000,31454000,2019-07-31,0.74,0.76,320388490,543152000,703059000,0.09817456301254768,-159907000
2019-09-30,2175797000,318884000,2019-11-05,0.98,0.96,326008342,570263000,751284000,0.9781467493859406,-181021000
2019-12-31,2050386000,250037000,2020-02-19,0.76,0.77,327053634,514727000,782452000,0.7645137494482022,-267725000
2020-03-31,2373726000,334753000,2020-05-06,1.02,1.01,332937153,420306000,725520000,1.005454023330343,-305214000
2020-06-30,1953128000,252232000,2020-07-30,0.76,0.76,338561649,585069000,674678000,0.7450105490241158,-89609000
2020-09-30,2343642000,346260000,2020-11-03,1.02,1.02,343773602,490834000,701366000,1.0072326612210323,-210532000
2020-12-31,2233933000,271923000,2021-02-16,0.85,0.85,344115842,186363000,841432000,0.7902077347546237,-655069000
2021-03-31,2825840000,366143000,2021-05-10,1.08,1.09,344334689,411416000,688983000,1.0633346325440944,-277567000
2021-06-30,2122538000,264520000,2021-07-29,0.79,0.8,344435696,396029000,734240000,0.7679807960438572,-338211000
2021-09-30,2461199000,283166000,2021-11-02,1.02,1.05,344669782,712828000,787913000,0.821557371107166,-75085000
2021-12-31,2481912000,306698000,2022-02-16,0.91,0.93,345084052,442327000,963944000,0.8887631816726205,-521617000
2022-03-31,3471310000,443446000,2022-05-04,1.3,1.2,345661133,371940000,764594000,1.2828922828300746,-392654000
2022-06-30,2572641000,291862000,2022-07-28,0.86,0.84,346295478,469879000,784487000,0.8428120450362913,-314608000
2022-09-30,3215645000,349409000,2022-11-02,1.01,1.03,347762693,847085000,803662000,1.0047339954317642,43423000
2022-12-31,3029740000,320158000,2023-02-13,0.92,0.94,349267768,712389000,1089109000,0.9166548686508055,-376720000
2023-03-31,3795600000,491159000,2023-05-03,1.41,1.34,349612013,69157000,977144000,1.4048687737740866,-907987000
2023-06-30,2629300000,15422000,2023-07-31,1.0,0.91,349729982,578120000,1062368000,0.04409687700152628,-484248000
2023-09-30,2791500000,339663000,2023-11-06,0.97,0.98,349851969,521876000,1086105000,0.9708763422737804,-564229000
2023-12-31,2694205000,-1288485000,2024-02-13,1.36,0.97,349938891,477008000,1211232000,-3.6820285859567408,-734224000
2024-03-31,3332575000,521848000,2024-05-01,1.49,1.46,350997220,291312000,1149443000,1.4867582142103575,-858131000
2024-06-30,2533522000,335341000,2024-07-31,0.95,0.96,353419658,670714000,1071474000,0.9488464843684502,-400760000
2024-09-30,3063224000,-118057000,2024-11-04,1.13,1.08,359817657,555580000,1070933000,-0.32810229765906124,-515353000
2024-12-31,2971488000,72520000,2025-02-11,1.01,0.99,366883093,642131000,1188679000,0.19766514561083903,-546548000
2025-03-31,4118400000,550788000,2025-05-01,1.5,1.5,367677618,1040595000,1007384000,1.4980188432356523,33211000
2025-06-30,2838100000,352728000,2025-07-31,0.96,0.95,368917187,1057309000,1042017000,0.9561170160391579,15292000
2025-09-30,3220600000,367549000,2025-11-04,1.19,1.15,372262732,1099611000,1125957000,0.9873376204631733,-26346000
