fiscalDateEnding,totalRevenue,netIncome,reportedDate,reportedEPS,estimatedEPS,commonStockSharesOutstanding,operatingCashflow,capitalExpenditures,eps_computed_simple,freeCashFlow
2005-09-30,83482000,8747000,2005-11-01,0.35,0.25,23411959,40023000,7509000,0.37361247728137575,32514000
2005-12-31,83332000,5213000,2006-02-08,0.2,0.18,23106569,17957000,213107000,0.22560683933646747,-195150000
2006-03-31,83057000,10322000,2006-05-03,0.43,0.35,23095493,43322000,7877000,0.44692702597861844,35445000
2006-06-30,84547000,22512000,2006-08-02,0.95,0.29,23226466,25931000,12469000,0.9692391429673374,13462000
2006-09-30,91542000,12477000,2006-11-01,0.45,0.3,23677569,68248000,224756000,0.5269544352293937,-156508000
2006-12-31,82959000,17437000,2007-02-07,0.63,0.3,23142385,22434000,294620000,0.7534659889203296,-272186000
2007-03-31,90706000,37546000,2007-05-02,1.46,0.51,24214984,59931000,63902000,1.550527557647777,-3971000
2007-06-30,95548000,12187000,2007-08-01,0.39,0.39,25104021,39721000,11600000,0.48546007828785676,28121000
2007-09-30,96280000,12308000,2007-10-31,0.39,0.38,25555928,58496000,405968000,0.48161037235666027,-347472000
2007-12-31,96013000,53597000,2008-02-06,2.02,0.3,25165276,32729000,75236000,2.1297998082754983,-42507000
2008-03-31,99957000,18014000,2008-04-30,0.63,0.6,24877626,47235000,31298000,0.7241044623791675,15937000
2008-06-30,101547000,11999000,2008-07-30,0.38,0.37,25153826,42498000,67687000,0.47702484703519854,-25189000
2008-09-30,103253000,14686000,2008-10-29,0.49,0.51,27910297,53315000,139838000,0.5261857299476247,-86523000
2008-12-31,106032000,20655000,2009-02-04,0.7,0.45,24752000,38193000,60567000,0.834478021978022,-22374000
2009-03-31,105111000,18396000,2009-04-29,1.53,0.39,28692959,55063000,37242000,0.6411328995381759,17821000
2009-06-30,103632000,12999000,2009-08-05,0.43,0.24,26853693,34171000,36434000,0.4840674986490685,-2263000
2009-09-30,101694000,-1239000,2009-11-03,0.74,0.24,30070076,58428000,33171000,-0.041203753525598005,25257000
2009-12-31,100487000,6953000,2010-02-04,0.24,0.18,30070076,25925000,85596000,0.23122655227076913,-59671000
2010-03-31,101184000,13669000,2010-05-05,0.45,0.26,29018571,52975000,34354000,0.47104318127863704,18621000
2010-06-30,100185000,10025000,2010-08-04,0.32,0.33,29402635,36439000,44813000,0.34095583610108415,-8374000
2010-09-30,104327000,6920000,2010-11-03,0.21,0.23,29762420,58870000,62994000,0.23250797482193988,-4124000
2010-12-31,109132000,5320000,2011-02-03,0.16,0.32,29690910,27246000,344059000,0.179179418886117,-316813000
2011-03-31,112432000,8961000,2011-05-05,0.27,0.35,33787232,57307000,78732000,0.2652185298872663,-21425000
2011-06-30,116326000,13749000,2011-08-03,0.32,0.21,32135064,47044000,62952000,0.42785040042241707,-15908000
2011-09-30,119166000,9054000,2011-11-02,0.23,0.36,35437693,66343000,34809000,0.2554906720366927,31534000
2011-12-31,124989000,15304000,2012-02-01,0.42,0.38,33421739,45877000,55461000,0.4579055566198994,-9584000
2012-03-31,127918000,24090000,2012-05-02,0.67,0.42,36396641,72160000,57804000,0.6618742647158017,14356000
2012-06-30,132561000,38446000,2012-08-01,0.48,0.4,34708420,57232000,69334000,1.107685109261672,-12102000
2012-09-30,137590000,17587000,2012-10-31,0.45,0.42,37969407,89943000,110498000,0.46318869293902853,-20555000
2012-12-31,144805000,45161000,2013-01-31,1.22,0.54,38182569,48164000,0,1.1827648370124073,48164000
2013-03-31,148005000,26571000,2013-05-01,0.64,0.59,37063235,85692000,5091000,0.7169098973686457,80601000
2013-06-30,150815000,26314000,2013-07-31,0.67,0.58,39576663,64894000,11557000,0.6648867793628785,53337000
2013-09-30,153948000,70156000,2013-10-30,1.84,0.74,37436983,74496000,11722000,1.8739757955388658,62774000
2013-12-31,156246000,33242000,2014-01-30,0.91,0.59,37498824,79900000,12563000,0.8864811333816762,67337000
2014-03-31,161009000,23280000,2014-05-07,0.58,0.67,37931454,82943000,12610000,0.613738666595802,70333000
2014-06-30,259788000,6303000,2014-08-06,0.08,0.46,62059762,96179000,21967000,0.10156339304040515,74212000
2014-09-30,270873000,54964000,2014-10-30,0.85,0.2,63069772,161866000,22615000,0.871479288049432,139251000
2014-12-31,278700000,41489000,2015-02-04,0.63,0.46,63544534,151995000,21672000,0.6529121765217446,130323000
2015-03-31,282873000,60677000,2015-05-06,0.59,0.47,64394680,162549000,16196000,0.9422672804647837,146353000
2015-06-30,296162000,46868000,2015-07-30,0.7,0.53,64972852,124499000,8477000,0.7213474329247545,116022000
2015-09-30,304626000,43637000,2015-10-29,0.65,0.59,65297550,200860000,18136000,0.6682792845979673,182724000
2015-12-31,310746000,80938000,2016-02-04,1.22,0.84,65519438,129502000,14468000,1.2353280563853433,115034000
2016-03-31,314202000,81836000,2016-04-28,1.19,0.78,65557639,200610000,5688000,1.2483060898517104,194922000
2016-06-30,321590000,72013000,2016-07-29,1.1,0.83,65575378,149743000,16589000,1.0981713288789583,133154000
2016-09-30,329171000,65561000,2016-10-27,1.0,0.94,65617551,229922000,18226000,0.9991381726513994,211696000
2016-12-31,329038000,195569000,2017-02-02,2.98,1.0,65829180,132248000,19510000,2.9708557815850054,112738000
2017-03-31,335404000,178964000,2017-04-27,2.72,0.98,65859490,223273000,10885000,2.717360854145697,212388000
2017-06-30,339062000,70759000,2017-07-27,1.08,1.02,65819694,149133000,14763000,1.075042980297052,134370000
2017-09-30,344369000,79723000,2017-11-01,1.21,1.01,66078283,248881000,20807000,1.2064932135116162,228074000
2017-12-31,345064000,103613000,2018-02-07,1.57,1.08,66103882,144864000,24531000,1.5674268570187755,120333000
2018-03-31,347255000,90918000,2018-05-02,1.38,1.1,66082517,268358000,14947000,1.3758253185180582,253411000
2018-06-30,348723000,100440000,2018-08-01,1.52,1.15,66096349,155163000,16028000,1.5195998193485694,139135000
2018-09-30,350917000,80975000,2018-10-29,1.22,1.11,66103812,257616000,23915000,1.224967177384566,233701000
2018-12-31,353158000,117820000,2019-01-30,1.76,1.13,66079796,145417000,26794000,1.7829958191759552,118623000
2019-03-31,356223000,118858000,2019-04-24,1.81,1.17,65783869,255759000,17075000,1.8067955230787658,238684000
2019-06-30,361635000,92275000,2019-07-24,1.4,1.23,65821815,174074000,24852000,1.4018908472821663,149222000
2019-09-30,366932000,99335000,2019-10-23,1.53,1.34,65973085,277094000,27421000,1.5056897824317295,249673000
2019-12-31,375365000,128818000,2020-01-29,1.95,1.39,66191395,212152000,32341000,1.9461442080197886,179811000
2020-03-31,392367000,315006000,2020-05-06,1.96,1.51,66195415,266926000,17151000,4.758728380205789,249775000
2020-06-30,370497000,84458000,2020-08-03,1.09,1.08,65427935,159184000,22862000,1.2908553510056522,136322000
2020-09-30,370811000,73661000,2020-10-28,1.13,1.05,65241428,227327000,24256000,1.1290525400516984,203071000
2020-12-31,362073000,95745000,2021-02-04,1.47,1.01,65145117,149671000,25816000,1.469718751138324,123855000
2021-03-31,355125000,168444000,2021-04-27,2.59,0.96,65114933,195266000,16720000,2.586872046693191,178546000
2021-06-30,350978000,64846000,2021-07-29,1.0,0.84,65080746,232805000,32324000,0.9963930038540124,200481000
2021-09-30,362857000,118390000,2021-10-26,1.82,1.01,65147781,271806000,32019000,1.8172529928532792,239787000
2021-12-31,371596000,136874000,2022-02-02,2.1,1.07,65331744,205382000,40132000,2.0950611696513106,165250000
2022-03-31,381905000,73254000,2022-04-26,1.12,1.21,65339378,315143000,24917000,1.1211309663829367,290226000
2022-06-30,399978000,57054000,2022-07-26,0.87,1.32,65289603,194402000,37659000,0.8738604215436875,156743000
2022-09-30,409748000,92842000,2022-10-26,1.43,1.34,65067790,299190000,44529000,1.4268503663640644,254661000
2022-12-31,415183000,185165000,2023-02-07,2.86,1.45,64731222,166914000,56088000,2.860520692780989,110826000
2023-03-31,412421000,153532000,2023-04-27,2.38,1.29,64459689,276919000,21084000,2.381829673425821,255835000
2023-06-30,416043000,99620000,2023-07-27,1.55,1.38,64183674,211408000,34941000,1.55210809527669,176467000
2023-09-30,419183000,87282000,2023-10-26,1.36,1.42,64186020,288063000,38279000,1.359828822537992,249784000
2023-12-31,421748000,65391000,2024-02-06,1.02,1.46,64188581,203674000,46067000,1.0187325998061867,157607000
2024-03-31,426928000,272731000,2024-04-30,4.25,1.29,64212006,314855000,26388000,4.24735212290362,288467000
2024-06-30,442355000,92914000,2024-07-30,1.45,1.35,64227650,218927000,34594000,1.4466355222400322,184333000
2024-09-30,450698000,118424000,2024-10-29,1.34,1.35,64271000,316199000,36553000,1.842572855564718,279646000
2024-12-31,454469000,257453000,2025-02-04,0.65,1.36,64251000,218324000,38860000,4.006988218082209,179464000
2025-03-31,464583000,203110000,2025-04-29,1.44,1.41,64315000,281503000,27914000,3.1580502215657313,253589000
2025-06-30,469833000,221362000,2025-07-29,1.48,1.42,64385988,216129000,36536000,3.4380461786188636,179593000
2025-09-30,473303000,164621000,2025-10-28,1.5881,1.82,64418240,342589000,36360000,2.5555029134605354,306229000
