fiscalDateEnding,totalRevenue,netIncome,reportedDate,reportedEPS,estimatedEPS,commonStockSharesOutstanding,operatingCashflow,capitalExpenditures,eps_computed_simple,freeCashFlow
2006-09-30,45000000,15700000,2006-11-08,0.28,0.18,5000000,23700000,600000,3.14,23100000
2006-12-31,43490000,24653000,2007-02-28,0.45,0.35,3995238,24803000,1030000,6.170596094650682,23773000
2007-03-31,91844000,4220000,2007-05-15,0.5,0.37,6589000,35213000,373000,0.640461375018971,34840000
2007-06-30,69493000,-44174000,2007-08-07,0.47,0.36,9432000,37704000,2458000,-4.6834181509754025,35246000
2007-09-30,78113000,2319000,2007-11-01,0.29,0.05,12406000,51980000,2069000,0.18692568112203772,49911000
2007-12-31,100600000,3138000,2008-02-12,0.28,0.23,12757000,21278000,1827000,0.24598259778944892,19451000
2008-03-31,50480000,-965000,2008-05-12,0.13,0.2,12757000,-60421000,199000,-0.07564474406208356,-60620000
2008-06-30,67230000,2056000,2008-07-24,0.17,0.2,13171000,41961000,205000,0.1561005238782173,41756000
2008-09-30,65718000,-468000,2008-10-30,0.07,0.19,13085000,27920000,228000,-0.035766144440198704,27692000
2008-12-31,41505000,-5336000,2009-02-05,-0.25,0.03,13701000,8810000,527000,-0.389460623312167,8283000
2009-03-31,58217000,191000,2009-04-30,0.05,,13992000,-51673000,355000,0.013650657518582047,-52028000
2009-06-30,77252000,-6043000,2009-07-29,0.1,0.07,13925000,44163000,516000,-0.433967684021544,43647000
2009-09-30,87694000,2633000,2009-10-28,0.29,0.22,18353000,23193000,341000,0.14346428376832127,22852000
2009-12-31,114245000,1649000,2010-02-02,0.41,0.38,18675000,72418000,1048000,0.08829986613119144,71370000
2010-03-31,93625000,2020000,2010-04-20,0.28,0.28,22328000,-49044000,452000,0.09046936581870298,-49496000
2010-06-30,70903000,117000,2010-08-03,0.05,0.18,22363000,33744000,221000,0.005231856191029826,33523000
2010-09-30,129571000,3530000,2010-10-28,0.38,0.33,21091000,42469000,2226000,0.16736996823289554,40243000
2010-12-31,108080000,3287000,2011-02-02,0.27,0.24,25353000,17826000,5668000,0.12964935116159823,12158000
2011-03-31,112192000,3588000,2011-04-28,0.28,0.24,26398000,-37831000,624000,0.13591938783241156,-38455000
2011-06-30,146953000,2261000,2011-07-28,0.43,0.44,27364000,45565000,962000,0.08262680894606052,44603000
2011-09-30,167754000,1759000,2011-10-27,0.46,0.34,31235000,102321000,1002000,0.05631503121498319,101319000
2011-12-31,114460000,-656000,2012-02-02,0.32,0.28,28609000,37781000,6074000,-0.022929847250865113,31707000
2012-03-31,106555000,-3368000,2012-04-26,0.1,0.33,29101000,-89441000,6945000,-0.1157348544723549,-96386000
2012-06-30,176055000,7934000,2012-07-26,0.49,0.48,31664000,92114000,2563000,0.25056846892369883,89551000
2012-09-30,157044000,5301000,2012-10-25,0.4,0.34,31440000,44368000,2366000,0.16860687022900764,42002000
2012-12-31,218020000,19022000,2013-01-30,0.81,0.52,33956000,113117000,2067000,0.5601955471787019,111050000
2013-03-31,155924000,5969000,2013-04-24,0.37,0.45,37733000,-84868000,471000,0.15819044337847507,-85339000
2013-06-30,209971000,16426000,2013-07-24,0.65,0.54,37501000,79235000,1069000,0.4380149862670329,78166000
2013-09-30,191147000,13962000,2013-10-23,0.53,0.43,38409000,124435000,448000,0.36350855268296495,123987000
2013-12-31,222391000,16905000,2014-01-29,0.71,0.67,40295000,79912000,2499000,0.4195309591760764,77413000
2014-03-31,152488000,10568000,2014-04-23,0.31,0.51,41698000,-116437000,1501000,0.2534414120581323,-117938000
2014-06-30,221674000,24265000,2014-07-23,0.66,0.6,41860000,103763000,4470000,0.5796703296703297,99293000
2014-09-30,231125000,24309000,2014-10-22,0.71,0.65,41873000,101925000,4252000,0.5805411601748143,97673000
2014-12-31,326115000,27732000,2015-02-04,0.9,0.87,41912000,126721000,3298000,0.6616720748234396,123423000
2015-03-31,242426000,4300000,2015-04-22,0.56,0.58,42788000,-78785000,1957000,0.10049546601850987,-80742000
2015-06-30,272907000,10764000,2015-07-22,0.65,0.62,42165000,125119000,5738000,0.25528281750266807,119381000
2015-09-30,313470000,7197000,2015-11-02,0.81,0.69,44334000,96508000,5160000,0.16233590472323725,91348000
2015-12-31,411445000,20602000,2016-02-03,1.22,1.05,45480000,214009000,3334000,0.45299032541776607,210675000
2016-03-31,260432000,5318000,2016-04-27,0.63,0.67,44920000,-116893000,2265000,0.11838824577025824,-119158000
2016-06-30,355193000,24087000,2016-07-27,1.04,0.94,43603000,126063000,2467000,0.5524161181570075,123596000
2016-09-30,391101000,34695000,2016-10-26,1.22,1.0,43734000,236738000,3779000,0.7933186994100699,232959000
2016-12-31,450064000,43428000,2017-02-01,1.43,1.38,44524000,170190000,9928000,0.9753840625280747,160262000
2017-03-31,392023000,80771000,2017-04-26,1.61,1.12,45936000,-81259000,6417000,1.7583376872169976,-87676000
2017-06-30,375272000,18184000,2017-07-27,1.06,0.84,44706000,236424000,10387000,0.4067462980360578,226037000
2017-09-30,412014000,45911000,2017-10-26,1.22,1.1,44036000,170492000,8338000,1.04257879916432,162154000
2017-12-31,545036000,-19412000,2018-01-31,1.55,1.23,38985000,190894000,6158000,-0.49793510324483775,184736000
2018-03-31,467912000,95543000,2018-04-25,2.24,1.57,45463000,-40685000,4151000,2.1015551107494006,-44836000
2018-06-30,453545000,68931000,2018-07-25,1.65,1.47,45299000,215192000,3027000,1.521689220512594,212165000
2018-09-30,385462000,49461000,2018-10-24,1.23,0.97,45858000,136139000,4703000,1.0785686248855162,131436000
2018-12-31,775557000,163305000,2019-01-30,3.93,2.18,44505000,538928000,21443000,3.6693629929221436,517485000
2019-03-31,419419000,67232000,2019-04-24,1.66,1.56,44155000,-412748000,15644000,1.5226361680443892,-428392000
2019-06-30,535209000,81742000,2019-07-24,2.07,1.73,43376000,277669000,10638000,1.8844983400959057,267031000
2019-09-30,407864000,43278000,2019-10-23,1.26,1.63,42789000,226034000,19873000,1.0114281707915587,206161000
2019-12-31,666345000,105184000,2020-01-29,2.72,2.35,42472000,413742000,24661000,2.4765492559804105,389081000
2020-03-31,433047000,31175000,2020-04-22,1.21,1.26,42317000,-174306000,12661000,0.7367015620199919,-186967000
2020-06-30,512404000,56412000,2020-07-22,1.53,1.39,41894000,293076000,17004000,1.3465412708263713,276072000
2020-09-30,407518000,42610000,2020-10-21,1.11,0.38,42343000,164425000,11915000,1.0063056467420826,152510000
2020-12-31,932350000,220377000,2021-02-03,5.67,2.12,43892000,695176000,11750000,5.020892189920715,683426000
2021-03-31,666880000,144352000,2021-04-28,3.29,2.56,44456000,-330111000,7714000,3.2470757603023213,-337825000
2021-06-30,692171000,140359000,2021-07-28,3.17,2.79,43661000,444569000,8660000,3.214745424978814,435909000
2021-09-30,827948000,159545000,2021-10-27,3.96,3.06,42697000,415446000,7043000,3.7366793919947536,408403000
2021-12-31,1120086000,295860000,2022-02-02,7.15,4.56,42507000,854994000,4554000,6.960265368057026,850440000
2022-03-31,727104000,158016000,2022-04-27,3.79,3.1,41708000,-486220000,5491000,3.7886256833221443,-491711000
2022-06-30,635175000,95627000,2022-07-27,2.46,1.48,41108000,317600000,5958000,2.3262382018098666,311642000
2022-09-30,581125000,82438000,2022-10-26,2.2,1.37,40527000,325793000,7623000,2.034150072790979,318170000
2022-12-31,835494000,140439000,2023-02-01,3.5,2.59,40841000,374203000,4115000,3.438676819862393,370088000
2023-03-31,572143000,83378000,2023-04-26,2.16,2.12,40439000,-384737000,4858000,2.0618215089393903,-389595000
2023-06-30,503600000,37205000,2023-07-26,0.96,1.28,39288000,179188000,7516000,0.946981266544492,171672000
2023-09-30,574404000,52148000,2023-10-25,1.3,1.19,40000000,247873000,6184000,1.3037,241689000
2023-12-31,788348000,82748000,2024-01-31,2.02,1.67,40679000,415630000,1490000,2.034169964846727,414140000
2024-03-31,585003000,85693000,2024-04-24,2.13,2.09,41080000,-281221000,1105000,2.0860029211295035,-282326000
2024-06-30,693413000,73758000,2024-07-24,1.81,1.63,40857000,348488000,7813000,1.8052720464057566,340675000
2024-09-30,738420000,78393000,2024-10-23,2.04,2.0,42038000,234500000,7851000,1.8648127884295163,226649000
2024-12-31,979525000,140435000,2025-02-05,3.41,2.82,42611000,686384000,13332000,3.2957452301049024,673052000
2025-03-31,699022000,146184000,2025-04-30,3.49,1.54,42058000,-549653000,19660000,3.475771553568881,-569313000
2025-06-30,838040000,97201000,2025-07-30,2.42,1.78,43971000,437737000,26046000,2.2105706033522092,411691000
2025-09-30,1045994000,144583000,2025-10-29,3.48,2.71,41897000,560913000,19434000,3.4509153400004773,541479000
