fiscalDateEnding,totalRevenue,netIncome,reportedDate,reportedEPS,estimatedEPS,commonStockSharesOutstanding,operatingCashflow,capitalExpenditures,eps_computed_simple,freeCashFlow
2005-09-30,114114000,28583000,2005-10-18,0.52,0.47,54822000,55337000,1936000,0.5213782787931852,53401000
2005-12-31,133945000,30815000,2006-01-25,0.54,0.52,56807000,40415000,8789000,0.5424507543084479,31626000
2006-03-31,146160000,32051000,2006-04-17,0.55,0.53,58293000,27038000,3129000,0.5498258796081862,23909000
2006-06-30,167363000,36645000,2006-07-19,0.59,0.56,61619000,32322000,1550000,0.5947029325370421,30772000
2006-09-30,185415000,35562000,2006-10-18,0.58,0.58,61797000,18310000,1765000,0.5754648283897277,16545000
2006-12-31,195470000,39111000,2007-01-24,0.63,0.59,60649000,43696000,2217000,0.6448746063414071,41479000
2007-03-31,198672000,42096000,2007-04-16,0.68,0.6,61700000,54794000,3620000,0.6822690437601296,51174000
2007-06-30,198016000,40490000,2007-07-18,0.66,0.64,61346000,6085000,508000,0.6600267336093633,5577000
2007-09-30,212761000,41336000,2007-10-17,0.67,0.64,62088000,99850000,10812000,0.665764721041103,89038000
2007-12-31,215426000,37245000,2008-01-28,0.59,0.63,62485000,62800000,1124000,0.596063055133232,61676000
2008-03-31,203109000,5044000,2008-04-15,0.08,0.47,62949000,72300000,1522000,0.08012835787701154,70778000
2008-06-30,181288000,-25887000,2008-07-25,-0.18,0.05,62599000,30398000,220000,-0.41353695745938435,30178000
2008-09-30,169879000,-31206000,2008-10-27,-0.01,-0.06,62675000,41603000,1346000,-0.497901874750698,40257000
2008-12-31,158697000,2366000,2009-01-27,-0.05,-0.06,62998000,38120000,605000,0.03755674783326455,37515000
2009-03-31,155396000,-22466000,2009-04-28,-0.5,-0.24,62998000,39721000,194000,-0.35661449569827613,39527000
2009-06-30,155901000,-92091000,2009-07-15,-1.83,-0.43,63105000,122023000,166000,-1.4593296886142144,121857000
2009-09-30,158116000,-68531000,2009-10-21,-0.91,-0.63,86538000,26572000,73000,-0.7919180013404515,26499000
2009-12-31,757629000,259730000,2010-01-26,-0.16,-0.39,84523000,-35411000,254000,3.0728914023401916,-35665000
2010-03-31,306956000,24916000,2010-04-27,0.13,0.06,146865000,261220000,79872000,0.16965240186565894,181348000
2010-06-30,274384000,36348000,2010-07-27,0.21,0.17,147131000,249479000,2481000,0.24704515024026208,246998000
2010-09-30,261603000,46951000,2010-10-25,0.27,0.2,147113000,176007000,7698000,0.3191492254253533,168309000
2010-12-31,310702000,56349000,2011-01-25,0.22,0.26,146837000,182490000,880000,0.38375205159462533,181610000
2011-03-31,265840000,56071000,2011-04-26,0.37,0.33,153334000,158310000,1021000,0.3656788448745875,157289000
2011-06-30,286959000,60525000,2011-07-20,0.39,0.37,153347000,181644000,1178000,0.3946930817035873,180466000
2011-09-30,269196000,62432000,2011-10-19,0.41,0.39,153453000,-140501000,5261000,0.40684769929554976,-145762000
2011-12-31,270010000,66206000,2012-01-19,0.43,0.41,145347000,55864000,3047000,0.4555030375583947,52817000
2012-03-31,269882000,68083000,2012-04-17,0.45,0.43,151996000,97699000,25035000,0.4479262612174005,72664000
2012-06-30,248838000,70557000,2012-07-18,0.47,0.45,147786000,-34229000,179196000,0.4774268198611506,-213425000
2012-09-30,251474000,71110000,2012-10-17,0.48,0.47,145358000,130771000,2420000,0.48920596045625286,128351000
2012-12-31,232699000,71900000,2013-01-23,0.49,0.49,144564000,130963000,4454000,0.4973575717329349,126509000
2013-03-31,231166000,72091000,2013-04-17,0.5,0.49,143519000,80400000,22313000,0.5023097987026108,58087000
2013-06-30,237682000,74015000,2013-07-17,0.52,0.5,137816000,77336000,10328000,0.5370566552504789,67008000
2013-09-30,237533000,73157000,2013-10-16,0.53,0.54,137467000,133604000,77115000,0.5321786319625801,56489000
2013-12-31,252011000,75782000,2014-01-22,0.55,0.55,137688000,134505000,2483000,0.5503892859217941,132022000
2014-03-31,268682000,74171000,2014-04-16,0.54,0.53,142632000,47886000,484980000,0.5200165460766167,-437094000
2014-06-30,280595000,84305000,2014-07-16,0.58,0.58,143689000,-371000,15957000,0.5867185379534968,-16328000
2014-09-30,296290000,91900000,2014-10-20,0.62,0.6,143810000,195732000,2483000,0.6390376190807315,193249000
2014-12-31,294106000,92998000,2015-01-21,0.65,0.65,144116000,149654000,3511000,0.6452996197507563,146143000
2015-03-31,305149000,100027000,2015-04-21,0.69,0.64,144349000,125538000,1741000,0.6929524970730659,123797000
2015-06-30,293626000,98748000,2015-07-15,0.68,0.65,144480000,163922000,2662000,0.6834717607973422,161260000
2015-09-30,316275000,94097000,2015-10-21,0.65,0.65,144590000,132127000,2662000,0.6507849782142611,129465000
2015-12-31,305378000,91805000,2016-01-27,0.63,0.65,144686000,48037000,1741000,0.6345119776619714,46296000
2016-03-31,314176000,107516000,2016-04-20,0.74,0.67,144803000,183550000,2259000,0.7424984288999538,181291000
2016-06-30,318615000,103284000,2016-07-20,0.71,0.69,145078000,87753000,4226000,0.711920484153352,83527000
2016-09-30,326090000,110143000,2016-10-19,0.76,0.69,145238000,146301000,3927000,0.7583621366309092,142374000
2016-12-31,348208000,110734000,2017-01-25,0.7,0.71,145703000,224252000,1769000,0.7599980782825336,222483000
2017-03-31,344125000,169736000,2017-04-19,0.88,0.74,145732000,186275000,1191000,1.1647133093623911,185084000
2017-06-30,366472000,118330000,2017-07-20,0.81,0.8,145740000,196715000,3799000,0.811925346507479,192916000
2017-09-30,382117000,132660000,2017-10-19,0.89,0.87,145882000,286463000,6608000,0.9093651033026693,279855000
2017-12-31,399173000,84898000,2018-01-25,0.87,0.91,146030000,31923000,2156000,0.5813736903376019,29767000
2018-03-31,412168000,187032000,2018-04-19,1.13,0.99,145939000,217854000,1757000,1.2815765491061333,216097000
2018-06-30,445657000,172349000,2018-07-19,1.18,1.08,146091000,217013000,5855000,1.1797372870334244,211158000
2018-09-30,462685000,171302000,2018-10-18,1.17,1.14,146173000,258449000,1806000,1.171912733541762,256643000
2018-12-31,494905000,173018000,2019-01-24,1.18,1.16,146133000,189856000,4369000,1.1839762408217172,185487000
2019-03-31,501938000,164024000,2019-04-18,1.16,1.22,145921000,139241000,3336000,1.1240602791921657,135905000
2019-06-30,524265000,150380000,2019-07-18,1.24,1.23,146052000,150760000,1078000,1.0296332812970723,149682000
2019-09-30,524802000,171416000,2019-10-17,1.17,1.2,146120000,99018000,4090000,1.1731179852176294,94928000
2019-12-31,526431000,188215000,2020-01-23,1.28,1.15,146318000,346810000,1355000,1.286342076846321,345455000
2020-03-31,501133000,144824000,2020-04-23,1.0,0.97,145285000,91703000,916000,0.9968269263860687,90787000
2020-06-30,451130000,99352000,2020-07-23,0.7,0.74,141827000,179213000,916000,0.7005154166696045,178297000
2020-09-30,417118000,159537000,2020-10-22,1.12,0.95,142043000,161182000,414000,1.1231598882028682,160768000
2020-12-31,451128000,164084000,2021-01-28,1.13,1.03,142529000,262711000,396000,1.1512323807786486,262315000
2021-03-31,450360000,204994000,2021-04-22,1.44,1.24,142844000,342702000,1563000,1.435090028282602,341139000
2021-06-30,463947000,224742000,2021-07-22,1.57,1.39,143040000,61109000,1563000,1.5711828859060402,59546000
2021-09-30,484280000,225449000,2021-10-21,1.57,1.5,143143000,342020000,6017000,1.5749914421243092,336003000
2021-12-31,489890000,217796000,2022-01-27,1.52,1.57,143323000,422591000,1563000,1.519616530494059,421028000
2022-03-31,507079000,237652000,2022-04-21,1.66,1.52,143223000,285885000,0,1.6593144955768278,285885000
2022-06-30,572527000,258329000,2022-07-21,1.81,1.7,142372000,643169000,0,1.814464922878094,643169000
2022-09-30,697081000,295339000,2022-10-20,2.08,2.1,142011000,687365000,0,2.0796910098513495,687365000
2022-12-31,817702000,336763000,2023-01-26,2.37,2.24,142138000,449603000,734000,2.3692678945813226,448869000
2023-03-31,885875000,322439000,2023-04-20,2.32,2.2,141913000,222901000,0,2.272089237772438,222901000
2023-06-30,974206000,312031000,2023-07-20,2.2,2.2,141876000,258467000,0,2.1993219431052466,258467000
2023-09-30,1026954000,287738000,2023-10-19,2.02,2.03,142122000,381854000,0,2.024584511898228,381854000
2023-12-31,1058891000,238953000,2024-01-23,2.02,1.95,141409000,561687000,0,1.6898005077470317,561687000
2024-03-31,1089916000,285075000,2024-04-23,2.08,2.0,140261000,266239000,0,2.032460912156622,266239000
2024-06-30,1107037000,288230000,2024-07-23,2.06,1.97,139801000,259172000,0,2.061716296736075,259172000
2024-09-30,1148431000,299166000,2024-10-22,2.09,2.05,139939000,386123000,0,2.1378314837179055,386123000
2024-12-31,663499000,293115000,2025-01-23,2.08,2.12,139883000,500133000,0,2.0954297520070346,500133000
2025-03-31,1114862000,290270000,2025-04-22,2.09,2.06,139291000,277886000,0,2.0839106618518066,277886000
2025-06-30,1145177000,310253000,2025-07-22,2.28,2.25,138789000,278668000,0,2.235429320767496,278668000
2025-09-30,1254987000,368394000,2025-10-21,2.62,2.37,139090000,231738000,0,2.6486016248472213,231738000
