fiscalDateEnding,totalRevenue,netIncome,reportedDate,reportedEPS,estimatedEPS,commonStockSharesOutstanding,operatingCashflow,capitalExpenditures,eps_computed_simple,freeCashFlow
2005-09-30,4473000000,725000000,2005-10-26,0.95,1.07,677000000,1717000000,1130000000,1.0709010339734122,587000000
2005-12-31,3838000000,-837000000,2006-01-25,0.72,0.73,670000000,558000000,644000000,-1.2492537313432837,-86000000
2006-03-31,3861000000,400000000,2006-04-26,0.62,0.7,675000000,297000000,234000000,0.5925925925925926,63000000
2006-06-30,3697000000,645000000,2006-07-31,0.85,0.8,676000000,1891000000,922000000,0.9541420118343196,969000000
2006-09-30,4401000000,-44000000,2006-10-27,1.02,1.06,671000000,1317000000,596000000,-0.06557377049180328,721000000
2006-12-31,3695000000,592000000,2007-01-24,0.72,0.77,671000000,1330000000,666000000,0.8822652757078987,664000000
2007-03-31,4829000000,691000000,2007-04-25,1.07,1.02,677000000,668000000,672000000,1.020679468242245,-4000000
2007-06-30,4501000000,702000000,2007-07-25,1.03,1.02,680000000,958000000,612000000,1.0323529411764707,346000000
2007-09-30,5032000000,780000000,2007-10-26,1.21,1.21,678000000,1887000000,608000000,1.1504424778761062,1279000000
2007-12-31,4554000000,563000000,2008-01-23,1.02,1.01,673000000,983000000,782000000,0.836552748885587,201000000
2008-03-31,4517000000,581000000,2008-04-24,0.93,0.95,664000000,718000000,897000000,0.875,-179000000
2008-06-30,4622000000,748000000,2008-07-23,1.13,1.02,662000000,38000000,127000000,1.1299093655589123,-89000000
2008-09-30,5228000000,700000000,2008-10-24,1.07,1.13,662000000,3611000000,1512000000,1.0574018126888218,2099000000
2008-12-31,4493000000,707000000,2009-01-22,1.07,1.03,658000000,2184000000,835000000,1.074468085106383,1349000000
2009-03-31,4722000000,712000000,2009-04-23,1.2,1.13,661000000,1950000000,712000000,1.0771558245083208,1238000000
2009-06-30,4141000000,657000000,2009-07-24,1.03,0.97,661000000,1097000000,732000000,0.9939485627836612,365000000
2009-09-30,4339000000,757000000,2009-10-23,0.96,0.96,661000000,1582000000,808000000,1.1452344931921332,774000000
2009-12-31,4116000000,581000000,2010-01-22,0.92,0.86,659000000,1465000000,1021000000,0.881638846737481,444000000
2010-03-31,4461000000,749000000,2010-04-23,1.0,0.9,662000000,1861000000,878000000,1.1314199395770392,983000000
2010-06-30,4398000000,445000000,2010-07-22,0.99,0.91,662000000,508000000,706000000,0.6722054380664653,-198000000
2010-09-30,5291000000,845000000,2010-10-22,1.11,1.12,663000000,1743000000,798000000,1.2745098039215685,945000000
2010-12-31,4494000000,524000000,2011-01-26,0.96,0.92,662000000,1132000000,944000000,0.7915407854984894,188000000
2011-03-31,5052000000,668000000,2011-04-27,1.17,1.05,664000000,-207000000,1150000000,1.0060240963855422,-1357000000
2011-06-30,4587000000,620000000,2011-07-27,1.05,0.96,664000000,1220000000,835000000,0.9337349397590361,385000000
2011-09-30,5295000000,601000000,2011-10-26,1.12,1.09,665000000,1904000000,987000000,0.9037593984962407,917000000
2011-12-31,3991000000,606000000,2012-01-25,0.82,0.88,663000000,1936000000,1070000000,0.9140271493212669,866000000
2012-03-31,4686000000,200000000,2012-05-04,0.85,0.81,707000000,977000000,1496000000,0.2828854314002829,-519000000
2012-06-30,5954000000,286000000,2012-08-01,0.61,0.63,856000000,1752000000,1320000000,0.3341121495327103,432000000
2012-09-30,6565000000,297000000,2012-11-01,0.77,0.72,854000000,1828000000,1329000000,0.3477751756440281,499000000
2012-12-31,6284000000,378000000,2013-02-07,0.64,0.64,854000000,1574000000,1644000000,0.4426229508196721,-70000000
2013-03-31,6082000000,-4000000,2013-05-01,0.7,0.68,859000000,859000000,1447000000,-0.004656577415599534,-588000000
2013-06-30,6141000000,490000000,2013-07-31,0.53,0.54,860000000,1479000000,1071000000,0.5697674418604651,408000000
2013-09-30,6502000000,738000000,2013-10-30,0.78,0.66,860000000,2059000000,1371000000,0.858139534883721,688000000
2013-12-31,6175000000,495000000,2014-02-06,0.5,0.54,861000000,1946000000,1506000000,0.5749128919860628,440000000
2014-03-31,7237000000,90000000,2014-04-30,0.62,0.69,861000000,165000000,1217000000,0.10452961672473868,-1052000000
2014-06-30,6024000000,522000000,2014-07-31,0.51,0.5,864000000,1586000000,1284000000,0.6041666666666666,302000000
2014-09-30,6912000000,993000000,2014-10-29,0.78,0.72,863000000,1892000000,1613000000,1.1506373117033604,279000000
2014-12-31,7255000000,18000000,2015-02-13,0.48,0.5,868000000,814000000,1963000000,0.020737327188940093,-1149000000
2015-03-31,8830000000,693000000,2015-04-29,0.71,0.69,867000000,1490000000,1784000000,0.7993079584775087,-294000000
2015-06-30,6514000000,638000000,2015-07-29,0.59,0.54,866000000,2479000000,1676000000,0.7367205542725174,803000000
2015-09-30,7401000000,629000000,2015-10-30,0.83,0.72,915000000,1705000000,1983000000,0.687431693989071,-278000000
2015-12-31,6702000000,309000000,2016-02-03,0.38,0.4,924000000,1942000000,2181000000,0.3344155844155844,-239000000
2016-03-31,7573000000,173000000,2016-05-06,0.68,0.68,910526316,1478000000,2188000000,0.18999999995606937,-710000000
2016-06-30,6910000000,267000000,2016-08-09,0.65,0.56,926000000,3080000000,2287000000,0.28833693304535635,793000000
2016-09-30,9002000000,490000000,2016-10-26,0.91,0.78,927000000,2810000000,1879000000,0.5285868392664509,931000000
2016-12-31,7875000000,204000000,2017-02-08,0.44,0.45,928000000,1082000000,2185000000,0.21982758620689655,-1103000000
2017-03-31,8757000000,995000000,2017-05-03,0.65,0.61,930000000,1201000000,2114000000,1.0698924731182795,-913000000
2017-06-30,7623000000,80000000,2017-08-02,0.54,0.53,936000000,1697000000,1731000000,0.08547008547008547,-34000000
2017-09-30,8769000000,824000000,2017-11-02,0.85,0.86,965000000,2779000000,1711000000,0.8538860103626943,1068000000
2017-12-31,8381000000,1871000000,2018-02-07,0.55,0.6,967000000,1803000000,2028000000,1.934850051706308,-225000000
2018-03-31,9693000000,585000000,2018-05-02,0.96,0.91,968000000,1502000000,1880000000,0.6043388429752066,-378000000
2018-06-30,8076000000,539000000,2018-08-02,0.71,0.61,969000000,2367000000,1927000000,0.5562435500515995,440000000
2018-09-30,9403000000,733000000,2018-11-01,0.88,0.88,970000000,2806000000,1690000000,0.7556701030927835,1116000000
2018-12-31,8814000000,152000000,2019-02-08,0.58,0.57,971000000,1969000000,2097000000,0.15653964984552007,-128000000
2019-03-31,9477000000,907000000,2019-05-02,0.87,0.87,972000000,1044000000,1873000000,0.9331275720164609,-829000000
2019-06-30,7689000000,484000000,2019-08-01,0.6,0.61,974000000,1854000000,1699000000,0.49691991786447637,155000000
2019-09-30,8929000000,772000000,2019-10-31,0.92,0.89,974000000,2501000000,1687000000,0.7926078028747433,814000000
2019-12-31,8343000000,773000000,2020-02-11,0.83,0.73,975000000,1260000000,1989000000,0.7928205128205128,-729000000
2020-03-31,8747000000,582000000,2020-05-08,0.87,0.85,976000000,1080000000,2016000000,0.5963114754098361,-936000000
2020-06-30,7322000000,521000000,2020-08-04,0.55,0.43,976000000,1600000000,1757000000,0.5338114754098361,-157000000
2020-09-30,8853000000,501000000,2020-11-03,1.04,0.87,977000000,1542000000,1833000000,0.5127942681678608,-291000000
2020-12-31,8117000000,360000000,2021-02-24,0.76,0.69,978000000,13000000,2442000000,0.36809815950920244,-2429000000
2021-03-31,4632000000,-289000000,2021-05-05,-0.06,0.36,978000000,-1261000000,2140000000,-0.2955010224948875,-3401000000
2021-06-30,4020000000,401000000,2021-08-04,0.89,0.68,979000000,2399000000,1900000000,0.40960163432073543,499000000
2021-09-30,4863000000,1203000000,2021-11-03,1.09,1.09,980000000,3003000000,1930000000,1.2275510204081632,1073000000
2021-12-31,9632000000,391000000,2022-02-25,0.9,0.87,980000000,-1129000000,2011000000,0.3989795918367347,-3140000000
2022-03-31,5327000000,597000000,2022-05-09,0.64,0.66,981000000,1782000000,1922000000,0.6085626911314985,-140000000
2022-06-30,4239000000,465000000,2022-08-03,0.44,0.46,982000000,1458000000,1585000000,0.47352342158859473,-127000000
2022-09-30,4845000000,676000000,2022-11-03,0.75,0.7,989000000,901000000,1672000000,0.6835187057633973,-771000000
2022-12-31,4667000000,432000000,2023-02-14,0.43,0.43,999256576,729000000,1968000000,0.43232139810306336,-1239000000
2023-03-31,5563000000,669000000,2023-05-03,0.7,0.66,996000000,484000000,1881000000,0.6716867469879518,-1397000000
2023-06-30,4818000000,343000000,2023-08-02,0.41,0.41,996000000,1277000000,1804000000,0.34437751004016065,-527000000
2023-09-30,5980000000,700000000,2023-11-02,0.67,0.67,997000000,1531000000,1855000000,0.7021063189568706,-324000000
2023-12-31,5367000000,617000000,2024-02-21,0.6,0.58,999000000,1411000000,1868000000,0.6176176176176176,-457000000
2024-03-31,6043000000,658000000,2024-05-02,0.68,0.7,1001000000,992000000,1767000000,0.6573426573426573,-775000000
2024-06-30,5361000000,448000000,2024-08-01,0.47,0.4,1001000000,1462000000,1699000000,0.44755244755244755,-237000000
2024-09-30,6154000000,707000000,2024-10-30,0.71,0.67,1004000000,1689000000,1695000000,0.704183266932271,-6000000
2024-12-31,5471000000,647000000,2025-02-19,0.64,0.5929,1005000000,1426000000,1936000000,0.6437810945273632,-510000000
2025-03-31,6714000000,908000000,2025-05-01,0.92,0.86,1009000000,1200000000,1946000000,0.8999008919722498,-746000000
2025-06-30,5427000000,391000000,2025-07-31,0.39,0.37,1002564102,1511000000,2013000000,0.3900000002194373,-502000000
2025-09-30,6705000000,875000000,2025-10-29,0.86,0.75,1013000000,2299000000,2136000000,0.8637709772951628,163000000
