fiscalDateEnding,totalRevenue,netIncome,reportedDate,reportedEPS,estimatedEPS,commonStockSharesOutstanding,operatingCashflow,capitalExpenditures,eps_computed_simple,freeCashFlow
2006-09-30,35665045,4140360,2006-11-16,0.0753,,21997319,8114935,1509240,0.18822111912819922,6605695
2006-12-31,39315243,5944044,2007-03-06,0.22,0.14,28141321,8973514,6622151,0.21122121452649648,2351363
2007-03-31,39854448,5408626,2007-05-10,0.04,0.02,29084264,-8314796,3039802,0.18596399757614634,-11354598
2007-06-30,43019839,5620048,2007-08-08,0.04,0.02,29210372,9437032,1829233,0.1923990560613196,7607799
2007-09-30,46629050,6239440,2007-11-13,0.04,0.04,29115603,10258167,2213291,0.21429884175848943,8044876
2007-12-31,50386519,9775472,2008-03-11,0.33,0.22,28644120,12044727,1630142,0.3412732525907586,10414585
2008-03-31,50948630,6799812,2008-05-06,0.05,0.05,29292838,-8009900,6849131,0.23213223655557033,-14859031
2008-06-30,53815795,5264000,2008-08-06,0.04,0.04,29351038,16331088,3636571,0.1793462977357053,12694517
2008-09-30,46572902,-1075260,2008-11-06,-0.01,0.01,29127304,10096301,2329698,-0.036915877967971224,7766603
2008-12-31,43694368,3419045,2009-03-11,0.12,-0.02,28846137,15955514,2017210,0.11852696255307947,13938304
2009-03-31,40986000,2883000,2009-05-06,0.02,0.01,29079675,-1240000,5013000,0.09914141062443098,-6253000
2009-06-30,42385000,1252000,2009-08-06,0.01,0.01,29159547,7841000,1772000,0.04293619513362124,6069000
2009-09-30,48186000,3994000,2009-11-06,0.03,0.01,29368390,9658000,2401000,0.13599655956625473,7257000
2009-12-31,59438000,7524000,2010-03-09,0.25,0.12,28930344,19436000,2230000,0.2600729531594923,17206000
2010-03-31,54489000,5623000,2010-05-05,0.04,0.03,30157956,-851000,5385000,0.18645162822042713,-6236000
2010-06-30,60639000,4869000,2010-08-04,0.03,0.03,30201092,7808000,4606000,0.16121933604255104,3202000
2010-09-30,67585000,7804000,2010-11-03,0.05,0.03,30385308,16739000,4839000,0.2568346517994815,11900000
2010-12-31,70040000,8296000,2011-02-28,0.05,0.04,29302862,12810000,5030000,0.2831122775652426,7780000
2011-03-31,72907000,8361000,2011-05-02,0.33,0.25,30911066,7752000,7158000,0.2704856571429792,594000
2011-06-30,85028000,8475000,2011-08-01,0.07,0.04,31043426,19024000,1446000,0.2730046612767547,17578000
2011-09-30,100026000,8391000,2011-11-02,0.07,0.05,31586936,13732000,3771000,0.265647798190999,9961000
2011-12-31,102580000,9554000,2012-02-28,0.37,0.31,30293114,15727000,7093000,0.3153852060240489,8634000
2012-03-31,104608000,8916000,2012-05-02,0.07,0.07,32783855,4369000,9299000,0.2719631355128919,-4930000
2012-06-30,108030000,9054000,2012-07-31,0.07,0.06,33096607,15084000,3900000,0.27356278545411017,11184000
2012-09-30,112639000,11703000,2012-11-02,0.08,0.08,166420181,23903000,3809000,0.07032200019058987,20094000
2012-12-31,117653000,12163000,2013-03-01,0.09,0.08,168131928,22426000,1796000,0.07234200038436484,20630000
2013-03-31,116006000,9762000,2013-05-01,0.4,0.39,168598970,6622000,6610000,0.05790070959508234,12000
2013-06-30,116008000,9236000,2013-07-30,0.07,0.07,171040204,18779000,3671000,0.053999000141510586,15108000
2013-09-30,122315000,13240000,2013-10-30,0.1,0.09,169777225,18829000,1454000,0.07798454710282843,17375000
2013-12-31,124123000,15859000,2014-03-03,0.55,0.49,168963785,38562000,4181000,0.09386035001524143,34381000
2014-03-31,121797000,11147000,2014-05-01,0.1,0.08,168893939,4965000,10679000,0.06600000015394276,-5714000
2014-06-30,119738000,7762000,2014-07-29,0.08,0.08,168739130,22788000,5958000,0.04600000011852615,16830000
2014-09-30,122457000,6075000,2014-10-30,0.09,0.08,168750000,16552000,7125000,0.036,9427000
2014-12-31,135286000,7460000,2015-02-24,0.48,0.43,169460724,22354000,3916000,0.04402200004763346,18438000
2015-03-31,143510000,9567000,2015-04-30,0.08,0.08,170839285,137000,8845000,0.05600000023413818,-8708000
2015-06-30,155621000,12074000,2015-07-30,0.1,0.09,172485714,27030000,5535000,0.07000000011595163,21495000
2015-09-30,163503000,15162000,2015-10-29,0.12,0.1,172297412,27383000,6747000,0.08799900024035184,20636000
2015-12-31,165858000,14762000,2016-02-23,0.11,0.11,171733035,42141000,4458000,0.08595900025874463,37683000
2016-03-31,167036000,13820000,2016-04-28,0.56,0.53,172750000,-10441000,8457000,0.08,-18898000
2016-06-30,170478000,16375000,2016-07-28,0.11,0.11,174202127,37356000,6415000,0.0940000003559084,30941000
2016-09-30,171200000,16050000,2016-10-27,0.12,0.12,174458418,29127000,5463000,0.09199900001386004,23664000
2016-12-31,177274000,15488000,2017-02-28,0.61,0.58,173571540,44216000,5515000,0.08923121843592562,38701000
2017-03-31,183033000,16788000,2017-05-02,0.12,0.12,175544410,7073000,10114000,0.09563391964460731,-3041000
2017-06-30,189057000,20378000,2017-07-27,0.14,0.12,175673928,39828000,10333000,0.11599900014759162,29495000
2017-09-30,192345000,21077000,2017-10-26,0.14,0.13,175643130,25283000,6312000,0.11999900024555472,18971000
2017-12-31,197875000,-9355000,2018-02-27,0.67,0.65,170433555,40956000,8395000,-0.054889425970138336,32561000
2018-03-31,206973000,23158000,2018-05-01,0.13,0.13,176514630,-8005000,12680000,0.13119592409988906,-20685000
2018-06-30,210112000,14462000,2018-08-02,0.13,0.13,176368004,21798000,6616000,0.08199900022682119,15182000
2018-09-30,231124000,15249000,2018-11-01,0.14,0.14,177316015,33058000,10774000,0.08599900014671545,22284000
2018-12-31,234903000,3857000,2019-02-28,0.74,0.73,174606940,45584000,10367000,0.022089614536512696,35217000
2019-03-31,239573000,14695000,2019-04-30,0.14,0.14,174940476,8343000,10878000,0.08400000009145968,-2535000
2019-06-30,243509000,12564000,2019-07-30,0.15,0.14,174500000,39374000,11409000,0.072,27965000
2019-09-30,251392000,19044000,2019-10-29,0.17,0.15,173497485,58238000,10021000,0.10976527988287553,48217000
2019-12-31,256872000,21356000,2020-02-27,0.16,0.15,173484480,62465000,7830000,0.12310034880353563,54635000
2020-03-31,245990000,22411000,2020-05-07,0.81,0.75,173603015,-13555000,12274000,0.12909338008904972,-25829000
2020-06-30,222473000,8429000,2020-08-06,0.11,0.06,175607825,72462000,9777000,0.047999000044559516,62685000
2020-09-30,241018000,26418000,2020-10-29,0.21,0.2,173803775,67407000,12563000,0.1519990000217199,54844000
2020-12-31,248953000,32218000,2021-02-25,1.14,1.07,171850115,76659000,7610000,0.1874773258080159,69049000
2021-03-31,261415000,31931000,2021-04-29,0.24,0.2,171672043,15205000,12680000,0.18600000001165012,2525000
2021-06-30,275064000,28021000,2021-07-29,0.23,0.2,172970203,38738000,7223000,0.16199900048680638,31515000
2021-09-30,290325000,26507000,2021-11-02,0.26,0.21,172123376,59819000,9123000,0.15400000055773946,50696000
2021-12-31,295489000,28299000,2022-02-24,1.21,1.15,170498499,70625000,8222000,0.1659780007799365,62403000
2022-03-31,329208000,36178000,2022-04-28,0.28,0.26,169474340,-26870000,16101000,0.21347184476422804,-42971000
2022-06-30,346782000,35846000,2022-07-28,0.3,0.26,169152695,79878000,8953000,0.21191503924900518,70925000
2022-09-30,361351000,39095000,2022-10-27,0.31,0.28,168888745,48081000,7045000,0.23148374984964215,41036000
2022-12-31,374703000,31849000,2023-02-23,1.56,1.48,169177485,65052000,12737000,0.18825791150636859,52315000
2023-03-31,400643000,51331000,2023-04-27,0.35,0.32,169657400,16025000,12479000,0.30255679976234456,3546000
2023-06-30,404996000,49068000,2023-07-27,0.36,0.34,168442245,47534000,13634000,0.2913045952338144,33900000
2023-09-30,410971000,43876000,2023-10-26,0.37,0.34,167688374,68601000,14993000,0.2616520093396576,53608000
2023-12-31,414058000,40283000,2024-02-29,0.35,0.34,166880836,79038000,11697000,0.24138781279834912,67341000
2024-03-31,436507000,48763000,2024-05-02,0.38,0.36,166726853,-21873000,11266000,0.292472382958011,-33139000
2024-06-30,448366000,45825000,2024-08-01,0.4,0.39,163961754,74910000,12063000,0.2794859098665168,62847000
2024-09-30,472073000,53037000,2024-10-29,0.44,0.41,163188000,110142000,12859000,0.32500551511140524,97283000
2024-12-31,481426000,50672000,2025-02-26,0.44,0.4153,164322000,105346000,10074000,0.3083701512883241,95272000
2025-03-31,501019000,66561000,2025-04-29,0.48,0.44,164557000,3243000,12940000,0.40448598358015764,-9697000
2025-06-30,514460000,66051000,2025-08-07,0.49,0.45,164193000,109377000,14426000,0.4022765891359559,94951000
2025-09-30,529585000,58161000,2025-10-28,0.48,0.4653,161714486,120716000,14361000,0.35965238141993044,106355000
