fiscalDateEnding,totalRevenue,netIncome,reportedDate,reportedEPS,estimatedEPS,commonStockSharesOutstanding,operatingCashflow,capitalExpenditures,eps_computed_simple,freeCashFlow
2010-03-31,908426000,13769000,2010-06-02,0.1322,,104006000,-26013000,13287000,0.1323865930811684,-39300000
2010-06-30,969924000,33833000,2010-08-03,0.32,0.31,106128000,-14038000,17977000,0.3187942861450324,-32015000
2010-09-30,1003523000,33133000,2010-10-28,0.31,0.31,106112000,65471000,16405000,0.3122455518697226,49066000
2010-12-31,1024740000,47094000,2011-02-24,0.44,0.3,104173000,130123000,41056000,0.45207491384523824,89067000
2011-03-31,931700000,-15335000,2011-04-28,-0.15,0.16,104660000,-49613000,12604000,-0.14652207146952034,-62217000
2011-06-30,927343000,32341000,2011-07-28,0.3,0.23,106838000,22622000,15758000,0.3027106460248226,6864000
2011-09-30,964965000,21043000,2011-10-27,0.2,0.31,107005000,53163000,17298000,0.19665436194570346,35865000
2011-12-31,996566000,40227000,2012-02-27,0.38,0.36,105375000,107648000,24137000,0.3817508896797153,83511000
2012-03-31,966763000,31293000,2012-04-26,0.29,0.32,107480000,-7288000,18172000,0.2911518422032006,-25460000
2012-06-30,1089833000,73001000,2012-07-26,0.68,0.44,107945000,111600000,17655000,0.6762795868266247,93945000
2012-09-30,1208402000,103470000,2012-10-25,0.95,0.67,108709000,147183000,20815000,0.951807118085899,126368000
2012-12-31,1276823000,93277000,2013-02-21,0.85,0.62,109477000,178180000,27250000,0.8520237127433159,150930000
2013-03-31,1146763000,36178000,2013-04-25,0.33,0.41,109993000,-50871000,18657000,0.32891183984435374,-69528000
2013-06-30,1288464000,34672000,2013-07-26,0.31,0.67,110311000,209305000,20222000,0.31431135607509675,189083000
2013-09-30,1300978000,63890000,2013-10-24,0.59,0.58,108437000,87399000,22138000,0.5891900366111198,65261000
2013-12-31,1219872000,51627000,2014-02-13,0.51,0.49,107974000,132639000,26125000,0.47814288625039364,106514000
2014-03-31,1012799000,21724000,2014-04-24,0.2,0.08,108276000,-104621000,21158000,0.20063541320329528,-125779000
2014-06-30,1149969000,50594000,2014-07-24,0.58,0.5,108647000,149514000,18905000,0.46567323534013827,130609000
2014-09-30,1259730000,80705000,2014-10-23,0.65,0.6,108863000,121278000,23860000,0.7413446258140967,97418000
2014-12-31,1255451000,80511000,2015-02-12,0.7,0.57,109143000,194466000,33299000,0.7376652648360408,161167000
2015-03-31,1111084000,37632000,2015-04-23,0.35,0.31,109444000,-66317000,31881000,0.34384708161251415,-98198000
2015-06-30,1323789000,93347000,2015-07-23,0.83,0.68,109796000,233260000,29956000,0.850185799118365,203304000
2015-09-30,1383915000,75542000,2015-10-22,0.71,0.74,110004000,185254000,30127000,0.6867204828915312,155127000
2015-12-31,1356668000,81566000,2016-02-11,0.78,0.66,110252000,199126000,31733000,0.73981424373254,167393000
2016-03-31,1201712000,52501000,2016-04-21,0.44,0.37,110670000,-56372000,29858000,0.4743923375801934,-86230000
2016-06-30,1361533000,102149000,2016-07-21,0.87,0.83,110978000,202758000,31081000,0.9204436915424679,171677000
2016-09-30,1508344000,107320000,2016-10-20,0.91,0.88,111251000,105833000,42796000,0.9646654861529335,63037000
2016-12-31,1504257000,81023000,2017-02-09,0.72,0.82,111464000,237197000,28530000,0.7268983707744204,208667000
2017-03-31,1317043000,58282000,2017-04-27,0.52,0.43,111822000,6060000,29903000,0.5212033410241277,-23843000
2017-06-30,1454429000,122257000,2017-07-27,0.98,0.93,112199000,228544000,39650000,1.0896442927298817,188894000
2017-09-30,1519568000,21383000,2017-10-26,1.05,1.0,112575000,220923000,33511000,0.18994448145680656,187412000
2017-12-31,1481323000,221127000,2018-02-08,0.95,0.92,112846000,176607000,31142000,1.959546638782057,145465000
2018-03-31,1297388000,76227000,2018-04-26,0.67,0.67,113035000,43167000,22344000,0.6743663467067722,20823000
2018-06-30,1491157000,155140000,2018-07-26,1.37,1.26,113117000,210933000,33376000,1.3715003049939443,177557000
2018-09-30,1542186000,151480000,2018-10-25,1.26,1.28,113365000,230761000,31599000,1.3362148811361532,199162000
2018-12-31,1417113000,91649000,2019-02-14,1.27,1.14,113387000,308304000,30851000,0.8082849003854057,277453000
2019-03-31,1303581000,109575000,2019-04-25,0.74,0.68,113224000,34471000,27386000,0.967771850491062,7085000
2019-06-30,1498620000,186655000,2019-07-25,1.58,1.38,113498000,266638000,26565000,1.6445664240779574,240073000
2019-09-30,1671196000,187182000,2019-10-24,1.64,1.45,113741000,310572000,24207000,1.6456862520990672,286365000
2019-12-31,1725828000,223998000,2020-02-13,1.8,1.48,113984000,301408000,28821000,1.965170550252667,272587000
2020-03-31,1412943000,63204000,2020-04-23,1.06,1.0,113959000,24154000,29213000,0.5546205214155968,-5059000
2020-06-30,1608729000,170655000,2020-07-23,1.05,0.75,112555000,343796000,28832000,1.516192083870108,314964000
2020-09-30,1913721000,182279000,2020-10-22,1.31,1.35,112843000,313095000,33556000,1.6153328075290447,279539000
2020-12-31,2145556000,280291000,2021-02-11,2.11,1.72,112486000,403614000,22483000,2.491785644435752,381131000
2021-03-31,2026000000,234000000,2021-04-22,1.64,1.34,111400000,223909000,28582000,2.1005385996409336,195327000
2021-06-30,2266000000,302000000,2021-07-22,2.13,1.67,111200000,253000000,39000000,2.7158273381294964,214000000
2021-09-30,2556000000,445000000,2021-10-21,2.15,1.86,111400000,399000000,43000000,3.994614003590664,356000000
2021-12-31,2365952000,259835000,2022-02-10,2.28,1.78,111400000,344018000,49920000,2.3324506283662476,294098000
2022-03-31,2033700000,97900000,2022-04-28,1.17,1.22,110800000,40000000,43000000,0.8835740072202166,-3000000
2022-06-30,2062500000,108800000,2022-07-28,1.97,1.63,108100000,189000000,75000000,1.0064754856614246,114000000
2022-09-30,1824300000,2000000,2022-10-27,1.62,1.52,105500000,302600000,71500000,0.018957345971563982,231100000
2022-12-31,1674000000,54000000,2023-02-09,1.35,1.32,104900000,247000000,71000000,0.5147759771210677,176000000
2023-03-31,1446100000,45900000,2023-04-27,0.49,0.7,104800000,-92300000,63100000,0.43797709923664124,-155400000
2023-06-30,1646900000,138500000,2023-07-27,1.35,1.01,104500000,269000000,76400000,1.325358851674641,192600000
2023-09-30,1481200000,-1700000,2023-10-26,1.22,1.17,104200000,219300000,65800000,-0.016314779270633396,153500000
2023-12-31,1423900000,34100000,2024-02-07,0.69,0.77,104400000,-41700000,58100000,0.32662835249042144,-99800000
2024-03-31,1424600000,46700000,2024-04-24,0.45,0.59,104400000,69300000,51700000,0.44731800766283525,17600000
2024-06-30,1612300000,116000000,2024-07-24,1.27,1.16,104300000,266700000,56700000,1.112176414189837,210000000
2024-09-30,1406100000,-104000000,2024-10-23,1.34,1.14,103600000,236900000,51500000,-1.0038610038610039,185400000
2024-12-31,1677700000,72400000,2025-02-12,1.35,1.0919,104200000,324600000,58400000,0.6948176583493282,266200000
2025-03-31,1582300000,74200000,2025-04-22,0.84,0.6537,104200000,-52800000,41700000,0.7120921305182342,-94500000
2025-06-30,1841300000,146100000,2025-07-22,1.53,1.39,104000000,361800000,52400000,1.4048076923076922,309400000
2025-09-30,1978900000,189600000,2025-10-22,1.7,1.38,103800000,272500000,49400000,1.8265895953757225,223100000
