fiscalDateEnding,totalRevenue,netIncome,reportedDate,reportedEPS,estimatedEPS,commonStockSharesOutstanding,operatingCashflow,capitalExpenditures,eps_computed_simple,freeCashFlow
2005-09-30,241640000,29953000,2005-10-24,2.87,,10434000,33103000,26683000,2.8707111366685836,6420000
2005-12-31,249406000,27836000,2006-01-23,2.6677,,10400000,11041000,31547000,2.6765384615384615,-20506000
2006-03-31,255750000,28657000,2006-04-24,2.7464,,10434000,101677000,29275000,2.746501820969906,72402000
2006-06-30,272108000,31712000,2006-07-24,3.0392,,10434000,-37356000,18355000,3.039294613762699,-55711000
2006-09-30,286458000,32927000,2006-10-23,3.1556,,10434000,63503000,29046000,3.155740847230209,34457000
2006-12-31,289483000,33195000,2007-01-23,3.18,,10400000,67985000,35580000,3.191826923076923,32405000
2007-03-31,286668000,28984000,2007-04-23,2.7777,,10434000,44940000,31635000,2.7778416714586927,13305000
2007-06-30,296784000,30851000,2007-07-24,2.9566,,10434000,-3552000,23039000,2.9567759248610312,-26591000
2007-09-30,309405000,22619000,2007-10-23,2.1677,,10434000,102029000,24133000,2.167816752923136,77896000
2007-12-31,307361000,26163000,2008-01-29,2.51,,10400000,18978000,25511000,2.515673076923077,-6533000
2008-03-31,301071000,32385000,2008-04-29,3.1037,,10434000,19004000,29270000,3.1037952846463486,-10266000
2008-06-30,281600000,26226000,2008-07-29,2.5134,,10434000,47722000,20467000,2.5135135135135136,27255000
2008-09-30,276616000,19554000,2008-10-27,1.874,,10434000,86141000,20949000,1.8740655549166187,65192000
2008-12-31,267548000,12893000,2009-01-26,1.2356,,10400000,74355000,24474000,1.2397115384615385,49881000
2009-03-31,249344000,8663000,2009-04-27,0.8302,,10434000,-27142000,26597000,0.8302664366494154,-53739000
2009-06-30,248257000,6200000,2009-07-27,0.5942,,10434453,88204000,23529000,0.5941854354991105,64675000
2009-09-30,266109000,82468000,2009-11-05,7.9034,,10434000,77507000,29854000,7.903776116542074,47653000
2009-12-31,274776000,19000000,2010-01-25,1.75,1.8,10400000,20694000,15897000,1.8269230769230769,4797000
2010-03-31,276649000,106611000,2010-04-26,2.28,1.73,10438000,131504000,18177000,10.213738264035255,113327000
2010-06-30,310057000,28602000,2010-07-26,2.74,2.46,10439000,78306000,21739000,2.7399176166299455,56567000
2010-09-30,328597000,27746000,2010-10-25,2.66,2.8,10431000,10806000,15045000,2.6599559006806635,-4239000
2010-12-31,324279000,30085000,2011-01-24,2.88,3.37,10400000,-73881000,15875000,2.8927884615384616,-89756000
2011-03-31,311306000,61760000,2011-06-30,2.0436,,10429000,338545000,12832000,5.921948413078915,325713000
2011-06-30,312253000,21300000,2011-09-30,7.8562,,10423000,123648000,19742000,2.043557517029646,103906000
2011-09-30,328135000,81421000,2011-11-08,2.75,2.49,10358000,-121320000,20936000,7.860687391388299,-142256000
2011-12-31,377414000,30033000,2012-03-31,3.4515,,10100000,47481000,23391000,2.9735643564356438,24090000
2012-03-31,293695000,35495000,2012-06-30,3.659,,10288000,84491000,26610000,3.4501360808709176,57881000
2012-06-30,297815000,37583000,2012-09-30,3.8507,,10269000,86213000,22643000,3.659850034083163,63570000
2012-09-30,288516000,39524000,2012-12-31,2.1405,,10264000,48957000,24363000,3.8507404520654713,24594000
2012-12-31,315341000,21746000,2013-03-31,5.7787,,10159000,-18373000,15267000,2.140565016241756,-33640000
2013-03-31,278117000,55585000,2013-06-30,4.5645,,9619000,73296000,8713000,5.778667221124857,64583000
2013-06-30,258921000,43906000,2013-09-30,4.2606,,9619000,71124000,17983000,4.564507745087847,53141000
2013-09-30,264552000,40982000,2013-11-11,2.7442,,9619000,119041000,12191000,4.26052604220813,106850000
2013-12-31,258817000,27226000,2014-02-24,2.337,,9619000,64660000,27150000,2.8304397546522506,37510000
2014-03-31,235708000,22479000,2014-05-05,2.7743,,9619000,63082000,17326000,2.3369373115708494,45756000
2014-06-30,243900000,26686000,2014-08-04,2.7551,,9619000,28479000,22224000,2.7743008628755588,6255000
2014-09-30,256220000,26501000,2014-11-05,5.2368,,9619000,-24020000,26213000,2.755068094396507,-50233000
2014-12-31,368595000,63283000,2015-03-31,5.5917,,12010000,114701000,16945000,5.269192339716903,97756000
2015-03-31,339333000,67158000,2015-04-29,3.707,,12010000,62732000,13177000,5.591840133222314,49555000
2015-06-30,353463000,44522000,2015-08-14,4.6591,,12010000,14317000,18744000,3.7070774354704414,-4427000
2015-09-30,359575000,55958000,2015-12-31,3.5592,,12010000,120497000,23654000,4.659283930058285,96843000
2015-12-31,340996000,42748000,2016-02-24,4.3356,,12010405,35510000,34159000,3.5592471694335037,1351000
2016-03-31,325519000,52072000,2016-04-27,5.7713,,12010000,75157000,13595000,4.3357202331390505,61562000
2016-06-30,355032000,69316000,2016-09-30,4.28,,12010000,19327000,16022000,5.771523730224812,3305000
2016-09-30,337396000,51404000,2016-10-26,4.387,,12010000,128767000,31365000,4.280099916736053,97402000
2016-12-31,289566000,52690000,2017-01-25,5.6302,,12010000,9189000,20859000,4.3871773522064945,-11670000
2017-03-31,348487000,67621000,2017-04-26,5.63,,12010000,137599000,15459000,5.630391340549542,122140000
2017-06-30,367455000,134660000,2017-07-26,11.21,,12010000,53302000,20453000,11.212323064113239,32849000
2017-09-30,380395000,67064000,2017-10-25,5.58,,12010000,113203000,24178000,5.584013322231474,89025000
2017-12-31,397714000,54407000,2018-01-31,6.67,,12010000,47551000,24708000,4.530141548709409,22843000
2018-03-31,381275000,100231000,2018-04-25,8.35,,12010000,458388000,24081000,8.345628642797669,434307000
2018-06-30,391776000,93291000,2018-07-26,7.77,,12010000,62572000,36513000,7.767776852622815,26059000
2018-09-30,399486000,117318000,2018-10-24,9.8,,11971000,-190887000,30606000,9.8001837774622,-221493000
2018-12-31,385527000,89473000,2019-01-31,7.62,,11764000,130193000,52174000,7.605661339680381,78019000
2019-03-31,433498000,111359000,2019-04-30,9.67,,11519000,140033000,23875000,9.667419046792256,116158000
2019-06-30,450955000,119359000,2019-07-30,10.56,,11287000,79732000,30998000,10.57490918756091,48734000
2019-09-30,455998000,124779000,2019-10-30,11.28,,11060000,179395000,34346000,11.282007233273056,145049000
2019-12-31,463693000,101874000,2020-01-28,9.55,,10708000,141409000,31858000,9.513821441912588,109551000
2020-03-31,423198000,57169000,2020-04-28,5.46,,10473000,17609000,26930000,5.458703332378497,-9321000
2020-06-30,518473000,153786000,2020-07-28,14.74,,10106000,83181000,35791000,15.217296655452207,47390000
2020-09-30,482979000,142684000,2020-10-16,14.03,,9837000,115468000,35769000,14.504828707939412,79699000
2020-12-31,491335000,138084000,2021-01-26,12.32,12.32,9816000,123757000,34894000,14.06723716381418,88863000
2021-03-31,478000000,147000000,2021-04-28,14.53,11.7,9816000,126000000,25000000,14.97555012224939,101000000
2021-06-30,481000000,153000000,2021-08-03,15.09,11.74,9816405,-691000000,26000000,15.586153994257572,-717000000
2021-09-30,471000000,124000000,2021-10-27,12.17,11.48,9816405,154000000,21000000,12.631915655476725,133000000
2021-12-31,470225000,123282000,2022-01-26,12.09,5.95,9816405,177988000,34904000,12.558772789020013,143084000
2022-03-31,1093000000,271000000,2022-04-28,18.95,13.76,15779153,577000000,241000000,17.17455936956819,336000000
2022-06-30,1150000000,255000000,2022-07-28,16.86,15.12,16035090,654000000,137000000,15.902623558707809,517000000
2022-09-30,1309000000,315000000,2022-10-27,19.25,17.45,15727993,506000000,167000000,20.027984498721484,339000000
2022-12-31,1441000000,257000000,2023-01-26,16.67,21.77,14607426,1020000000,381000000,17.59379099370416,639000000
2023-03-31,1612000000,9518000000,2023-05-10,653.64,20.17,14539709,-362000000,332000000,654.6210794177517,-694000000
2023-06-30,3497000000,682000000,2023-08-03,52.6,45.92,14537938,916000000,382000000,46.91174222919371,534000000
2023-09-30,3703000000,752000000,2023-10-26,55.92,47.94,14539000,1205000000,298000000,51.72295205997661,907000000
2023-12-31,3676000000,514000000,2024-01-26,46.58,47.98,14540000,901000000,416000000,35.350756533700135,485000000
2024-03-31,3703000000,731000000,2024-04-25,52.92,43.34,14536000,461000000,285000000,50.288937809576225,176000000
2024-06-30,3707000000,707000000,2024-07-25,50.87,44.78,14534000,417000000,338000000,48.64455758910142,79000000
2024-09-30,3783000000,639000000,2024-10-24,45.87,47.5,14376000,991000000,471000000,44.44908180300501,520000000
2024-12-31,3689000000,700000000,2025-01-24,45.1,39.11,13928000,1119000000,441000000,50.25847214244687,678000000
2025-03-31,3525000000,483000000,2025-04-24,37.79,37.69,13575000,98000000,273000000,35.58011049723757,-175000000
2025-06-30,3623000000,575000000,2025-07-25,44.78,39.09,13237226,859000000,341000000,43.43810402572261,518000000
2025-09-30,3694000000,568000000,2025-10-23,44.62,42.65,12849339,916000000,92000000,44.20460850165133,824000000
