fiscalDateEnding,totalRevenue,netIncome,reportedDate,reportedEPS,estimatedEPS,commonStockSharesOutstanding,operatingCashflow,capitalExpenditures,eps_computed_simple,freeCashFlow
2005-09-30,983270000,180930000,2005-10-18,0.5,0.42,439648000,262516000,36316000,0.4115337724725235,226200000
2005-12-31,1489874000,478305000,2006-01-17,1.11,0.85,375832000,669518000,47379000,1.2726563996679368,622139000
2006-03-31,1086122000,266775000,2006-04-18,0.71,0.44,443000000,-123753000,52122000,0.6022009029345372,-175875000
2006-06-30,1426202000,382380000,2006-07-18,0.85,0.69,444000000,499681000,58223000,0.8612162162162162,441458000
2006-09-30,1636049000,365787000,2006-10-17,0.87,0.78,442000000,692527000,67667000,0.8275723981900452,624860000
2006-12-31,1642127000,441567000,2007-01-16,1.0,1.06,433600000,797969000,72528000,1.0183740774907748,725441000
2007-03-31,2302900000,492900000,2007-04-25,1.33,1.03,488000000,668900000,142400000,1.0100409836065574,526500000
2007-06-30,5807000000,1168000000,2007-07-25,1.42,1.37,892000000,2081100000,529600000,1.3094170403587444,1551500000
2007-09-30,5066000000,838000000,2007-10-24,1.26,1.14,894000000,2086000000,466000000,0.9373601789709173,1620000000
2007-12-31,4184000000,478000000,2008-01-23,0.68,0.87,766000000,1389000000,617000000,0.6240208877284595,772000000
2008-03-31,5672000000,1186000000,2008-04-23,1.33,1.09,898000000,615000000,508000000,1.3207126948775056,107000000
2008-06-30,5441000000,1010000000,2008-07-22,1.12,1.23,900000000,1009000000,655000000,1.1222222222222222,354000000
2008-09-30,4616000000,587000000,2008-10-21,0.66,0.72,894000000,1545000000,766000000,0.656599552572707,779000000
2008-12-31,2067000000,-13850000000,2009-01-26,0.03,-0.57,800000000,201000000,779000000,-17.3125,-578000000
2009-03-31,2602000000,103000000,2009-04-22,0.09,0.07,802000000,-258000000,519000000,0.128428927680798,-777000000
2009-06-30,3684000000,812000000,2009-07-21,0.68,0.36,942000000,1154000000,375000000,0.861995753715499,779000000
2009-09-30,4144000000,979000000,2009-10-21,1.03,0.67,944000000,1954000000,244000000,1.0370762711864407,1710000000
2009-12-31,4610000000,1019000000,2010-01-21,1.09,0.88,862000000,1547000000,449000000,1.1821345707656612,1098000000
2010-03-31,4363000000,945000000,2010-04-21,1.02,0.94,946000000,1818000000,183000000,0.9989429175475687,1635000000
2010-06-30,3864000000,664000000,2010-07-21,0.72,0.64,946000000,1064000000,344000000,0.7019027484143763,720000000
2010-09-30,5152000000,1178000000,2010-10-21,1.25,1.07,948000000,1336000000,350000000,1.2426160337552743,986000000
2010-12-31,5603000000,1549000000,2011-01-20,1.63,1.47,954000000,2055000000,535000000,1.6236897274633124,1520000000
2011-03-31,5709000000,1499000000,2011-04-20,1.58,1.26,955000000,2359000000,434000000,1.5696335078534032,1925000000
2011-06-30,5814000000,1368000000,2011-07-21,1.47,1.34,956000000,1680000000,530000000,1.4309623430962344,1150000000
2011-09-30,5195000000,1053000000,2011-10-19,1.1,1.07,955000000,1835000000,678000000,1.1026178010471204,1157000000
2011-12-31,4162000000,640000000,2012-01-19,0.72,0.63,949000000,746000000,785000000,0.6743940990516333,-39000000
2012-03-31,4605000000,764000000,2012-04-19,0.96,0.85,955000000,801000000,707000000,0.8,94000000
2012-06-30,4475000000,710000000,2012-07-19,0.8,0.76,953000000,1182000000,840000000,0.74501573976915,342000000
2012-09-30,4417000000,824000000,2012-10-22,0.68,0.73,953000000,526000000,971000000,0.8646379853095488,-445000000
2012-12-31,4513000000,743000000,2013-01-22,0.74,0.71,954000000,1265000000,976000000,0.7788259958071279,289000000
2013-03-31,4583000000,648000000,2013-04-18,0.73,0.72,953000000,831000000,805000000,0.6799580272822665,26000000
2013-06-30,4288000000,482000000,2013-07-23,0.25,0.44,984000000,1034000000,1173000000,0.4898373983739837,-139000000
2013-09-30,6165000000,821000000,2013-10-22,0.83,0.63,1043000000,1878000000,1645000000,0.7871524448705657,233000000
2013-12-31,5885000000,707000000,2014-01-22,0.84,0.8,1044000000,2337000000,1663000000,0.6772030651340997,674000000
2014-03-31,4985000000,510000000,2014-04-24,0.48,0.41,1044000000,1237000000,1612000000,0.4885057471264368,-375000000
2014-06-30,5522000000,492000000,2014-07-23,0.58,0.53,1045000000,1350000000,1950000000,0.47081339712918663,-600000000
2014-09-30,5696000000,562000000,2014-10-28,0.64,0.61,1046000000,1926000000,1853000000,0.5372848948374761,73000000
2014-12-31,5235000000,-2842000000,2015-01-27,0.25,0.35,1039000000,1118000000,1800000000,-2.735322425409047,-682000000
2015-03-31,4153000000,-2464000000,2015-04-23,-0.06,-0.06,1040000000,717000000,1867000000,-2.3692307692307693,-1150000000
2015-06-30,4248000000,-1841000000,2015-07-23,0.14,0.08,1040000000,1069000000,1661000000,-1.7701923076923076,-592000000
2015-09-30,3681000000,-3819000000,2015-10-22,-0.15,-0.09,1071000000,822000000,1527000000,-3.565826330532213,-705000000
2015-12-31,3795000000,-4071000000,2016-01-26,-0.02,-0.19,1177000000,612000000,1298000000,-3.4587935429056924,-686000000
2016-03-31,3242000000,-4173000000,2016-04-26,-0.16,-0.18,1251000000,740000000,982000000,-3.3357314148681056,-242000000
2016-06-30,3334000000,-469000000,2016-07-26,-0.02,-0.01,1269000000,874000000,833000000,-0.36958234830575254,41000000
2016-09-30,3865000000,219000000,2016-10-25,0.13,0.19,1351000000,980000000,494000000,0.16210214655810512,486000000
2016-12-31,4225000000,308000000,2017-01-25,0.25,0.34,1410000000,1135000000,504000000,0.21843971631205675,631000000
2017-03-31,3207000000,193000000,2017-04-25,0.15,0.15,1454000000,792000000,344000000,0.1327372764786795,448000000
2017-06-30,3676000000,259000000,2017-07-25,0.17,0.2,1453000000,1037000000,362000000,0.17825189263592567,675000000
2017-09-30,4161000000,274000000,2017-10-25,0.34,0.31,1454000000,1183000000,308000000,0.18844566712517194,875000000
2017-12-31,4814000000,1024000000,2018-01-25,0.51,0.5,1455000000,1670000000,396000000,0.7037800687285224,1274000000
2018-03-31,4983000000,699000000,2018-04-24,0.46,0.56,1458000000,1369000000,492000000,0.4794238683127572,877000000
2018-06-30,5212000000,870000000,2018-07-25,0.58,0.52,1458000000,1309000000,478000000,0.5967078189300411,831000000
2018-09-30,5045000000,556000000,2018-10-24,0.35,0.32,1458000000,1247000000,512000000,0.3813443072702332,735000000
2018-12-31,3727000000,137000000,2019-01-24,0.11,0.18,1457000000,-62000000,586000000,0.09402882635552505,-648000000
2019-03-31,3670000000,27000000,2019-04-25,0.05,0.08,1457000000,534000000,630000000,0.018531228551818806,-96000000
2019-06-30,3658000000,-75000000,2019-07-24,-0.04,-0.05,1451000000,554000000,628000000,-0.051688490696071676,-74000000
2019-09-30,3212000000,-211000000,2019-10-23,-0.01,-0.01,1452000000,224000000,669000000,-0.1453168044077135,-445000000
2019-12-31,3816000000,8000000,2020-01-23,0.02,-0.003,1457000000,170000000,725000000,0.00549073438572409,-555000000
2020-03-31,3038000000,-494000000,2020-04-24,-0.16,-0.17,1452000000,-38000000,610000000,-0.3402203856749311,-648000000
2020-06-30,2883000000,50000000,2020-07-23,0.03,-0.03,1458000000,491000000,527000000,0.03429355281207133,-36000000
2020-09-30,3727000000,326000000,2020-10-22,0.29,0.21,1461000000,1237000000,436000000,0.22313483915126625,801000000
2020-12-31,4225000000,708000000,2021-01-26,0.39,0.4,1469000000,1327000000,388000000,0.48196051735874745,939000000
2021-03-31,4647000000,714000000,2021-04-22,0.51,0.51,1477000000,1075000000,370000000,0.4834123222748815,705000000
2021-06-30,5587000000,1079000000,2021-07-22,0.77,0.75,1483000000,2395000000,433000000,0.7275792312879299,1962000000
2021-09-30,6189000000,1395000000,2021-10-21,0.89,0.81,1484000000,1965000000,541000000,0.9400269541778976,1424000000
2021-12-31,5934000000,1105000000,2022-01-26,0.96,0.94,1482000000,2280000000,771000000,0.7456140350877193,1509000000
2022-03-31,6367000000,1522000000,2022-04-21,1.07,0.92,1469000000,1691000000,723000000,1.036078965282505,968000000
2022-06-30,6181000000,836000000,2022-07-21,0.58,0.65,1457000000,1621000000,863000000,0.5737817433081674,758000000
2022-09-30,5359000000,399000000,2022-10-20,0.26,0.27,1439000000,758000000,836000000,0.2772758860319666,-78000000
2022-12-31,5445000000,696000000,2023-01-25,0.52,0.47,1440000000,1069000000,1047000000,0.48333333333333334,22000000
2023-03-31,5108000000,658000000,2023-04-21,0.52,0.45,1443000000,1050000000,1121000000,0.455994455994456,-71000000
2023-06-30,5932000000,338000000,2023-07-20,0.35,0.36,1442000000,1673000000,1163000000,0.23439667128987518,510000000
2023-09-30,5868000000,449000000,2023-10-19,0.39,0.34,1443000000,1236000000,1178000000,0.31115731115731116,58000000
2023-12-31,5799000000,387000000,2024-01-24,0.27,0.23,1444000000,1320000000,1362000000,0.268005540166205,-42000000
2024-03-31,6210000000,468000000,2024-04-23,0.32,0.28,1444000000,1896000000,1254000000,0.32409972299168976,642000000
2024-06-30,6370000000,610000000,2024-07-23,0.46,0.38,1445000000,1956000000,1116000000,0.42214532871972316,840000000
2024-09-30,6680000000,520000000,2024-10-22,0.38,0.37,1444000000,1872000000,1199000000,0.3601108033240997,673000000
2024-12-31,5880000000,274000000,2025-01-23,0.31,0.22,1445000000,1436000000,1239000000,0.18961937716262975,197000000
2025-03-31,5554000000,346000000,2025-04-24,0.24,0.24,1444000000,1058000000,1172000000,0.23961218836565096,-114000000
2025-06-30,7582000000,772000000,2025-07-23,0.54,0.44,1444000000,2195000000,1172000000,0.5346260387811634,1023000000
2025-09-30,6972000000,674000000,2025-10-23,0.5,0.41,1443000000,1664000000,1056000000,0.4670824670824671,608000000
