fiscalDateEnding,totalRevenue,netIncome,reportedDate,reportedEPS,estimatedEPS,commonStockSharesOutstanding,operatingCashflow,capitalExpenditures,eps_computed_simple,freeCashFlow
2012-07-31,86820000,1247000,2012-09-10,0.06,0.01,18803979,3126000,6802000,0.06631575157577022,-3676000
2012-10-31,86587000,729000,2012-11-29,0.03,0.01,52959169,-3275000,5839000,0.013765321733050607,-9114000
2013-01-31,173589000,19206000,2013-03-27,0.39,0.38,52976793,54210000,5448000,0.3625361014208618,48762000
2013-04-30,95604000,1570000,2013-06-12,0.05,0.04,53399778,-11771000,8148000,0.02940087129201174,-19919000
2013-07-31,117087000,4069000,2013-09-09,0.11,0.09,53804539,6081000,6992000,0.07562558987820711,-911000
2013-10-31,110747000,1677000,2013-12-05,0.05,0.04,53801797,-11608000,6618000,0.031169962594372082,-18226000
2014-01-31,211964000,24826000,2014-03-25,0.47,0.45,53956802,48485000,4173000,0.4601088107482723,44312000
2014-04-30,126004000,3080000,2014-06-04,0.07,0.06,54293467,-4113000,10170000,0.05672874049468972,-14283000
2014-07-31,152479000,8320000,2014-09-10,0.15,0.14,54669600,16732000,9530000,0.15218695582188274,7202000
2014-10-31,137979000,3311000,2014-12-04,0.06,0.06,54662869,-16240000,5087000,0.06057128102807776,-21327000
2015-01-31,263756000,33313000,2015-03-25,0.61,0.6,54656375,65051000,7535000,0.6094988919407845,57516000
2015-04-30,153727000,4278000,2015-06-03,0.08,0.07,54717146,-784000,10738000,0.07818390235484869,-11522000
2015-07-31,182191000,7061000,2015-09-02,0.13,0.13,54786092,27038000,19163000,0.12888307492346782,7875000
2015-10-31,169685000,4337000,2015-12-03,0.08,0.07,54833252,-27760000,14848000,0.07909434224327969,-42608000
2016-01-31,326351000,42004000,2016-03-22,0.77,0.76,54820282,89419000,8310000,0.7662127677489875,81109000
2016-04-30,192715000,6758000,2016-06-02,0.12,0.1,54964890,-10450000,7536000,0.12295121485733893,-17986000
2016-07-31,220130000,9847000,2016-08-31,0.18,0.17,55077754,26841000,14836000,0.17878361561366501,12005000
2016-10-31,199475000,5447000,2016-12-01,0.1,0.09,55170686,-19261000,13342000,0.09872996685232444,-32603000
2017-01-31,388090000,49788000,2017-03-22,0.9,0.9,55157603,109492000,9080000,0.902649812393044,100412000
2017-04-30,232881000,8391000,2017-06-01,0.15,0.14,55304742,33733000,12820000,0.15172297521973793,20913000
2017-07-31,283320000,16804000,2017-08-30,0.3,0.26,55519303,-2631000,17129000,0.30266950577531565,-19760000
2017-10-31,257175000,9879000,2017-11-30,0.18,0.13,55608035,-14075000,19569000,0.17765418252955711,-33644000
2018-01-31,504832000,67377000,2018-03-21,1.18,1.16,55725959,150354000,18277000,1.209077442704934,132077000
2018-04-30,296322000,21804000,2018-06-06,0.35,0.32,56001939,33001000,22513000,0.3893436618328519,10488000
2018-07-31,347734000,25063000,2018-09-06,0.45,0.38,56191984,11388000,24009000,0.4460244721026401,-12621000
2018-10-31,312823000,13516000,2018-12-05,0.24,0.19,56228305,-42770000,35505000,0.24037715524236414,-78275000
2019-01-31,602684000,89262000,2019-03-27,1.59,1.58,56230318,182514000,31693000,1.5874354471906063,150821000
2019-04-30,364762000,25662000,2019-06-05,0.46,0.35,56268586,20830000,61713000,0.45606264212859376,-40883000
2019-07-31,417400000,28831000,2019-08-28,0.51,0.5,56294109,26214000,38426000,0.5121495039560889,-12212000
2019-10-31,377438000,10189000,2019-12-04,0.18,0.17,56019736,-45189000,56211000,0.1818823280423885,-101400000
2020-01-31,687130000,110374000,2020-03-18,1.97,1.95,56006952,185174000,55947000,1.9707196349481757,129227000
2020-04-30,200899000,-50582000,2020-06-09,-0.91,-0.33,55723045,-65253000,40028000,-0.9077393383653029,-105281000
2020-07-31,426110000,29581000,2020-09-02,0.53,0.14,55966840,126715000,60624000,0.5285451170728953,66091000
2020-10-31,476614000,20425000,2020-12-02,0.36,0.2,56099328,59844000,48618000,0.36408635768328634,11226000
2021-01-31,858514000,123937000,2021-03-17,2.2,2.11,56240633,244660000,50919000,2.20369141293271,193741000
2021-04-30,597823000,49596000,2021-06-03,0.88,0.65,56274491,66742000,76444000,0.8813229425744606,-9702000
2021-07-31,646554000,64841000,2021-09-01,1.15,1.11,56299491,82065000,58170000,1.1517155634675276,23895000
2021-10-31,607645000,24177000,2021-12-01,0.43,0.29,56340635,-24142000,78601000,0.42912189399356254,-102743000
2022-01-31,996332000,140196000,2022-03-30,2.49,2.48,56315019,203247000,74952000,2.4894957418020227,128295000
2022-04-30,639596000,32718000,2022-06-08,0.59,0.58,55834287,42117000,58091000,0.5859840208938282,-15974000
2022-07-31,668927000,41344000,2022-08-31,0.74,0.78,55646039,4040000,51619000,0.7429819038871751,-47579000
2022-10-31,645034000,16146000,2022-11-30,0.29,0.14,55683609,-91139000,63879000,0.2899596540159601,-155018000
2023-01-31,1122751000,171320000,2023-03-15,3.07,3.07,55808193,359908000,78365000,3.069800163570965,281543000
2023-04-30,726247000,37478000,2023-06-01,0.67,0.63,55777010,85291000,45091000,0.671925583676859,40200000
2023-07-31,758981000,46835000,2023-08-30,0.84,0.83,55801507,83977000,71332000,0.8393142500613827,12645000
2023-10-31,736405000,14594000,2023-11-29,0.26,0.24,55576140,-77380000,115498000,0.26259470341049235,-192878000
2024-01-31,1337736000,202199000,2024-03-20,3.65,3.78,55356074,407731000,103129000,3.6526976244738742,304602000
2024-04-30,811863000,31467000,2024-06-05,0.6,0.63,55255838,26439000,87866000,0.5694782875250214,-61427000
2024-07-31,830069000,33000000,2024-08-28,0.54,0.54,55043000,71255000,103606000,0.5995312755482077,-32351000
2024-10-31,843710000,1687000,2024-12-04,0.42,0.17,55110000,-30581000,80383000,0.030611504264198876,-110964000
2025-01-31,1390885000,187457000,2025-03-19,3.48,3.37,55218000,363535000,52139000,3.3948531276033176,311396000
2025-04-30,970527000,41148000,2025-06-04,0.86,0.83,55189813,132662000,36209000,0.7455723758295757,96453000
2025-07-31,1026847000,42762000,2025-08-27,0.81,0.63,55389000,92996000,44719000,0.7720305475816498,48277000
2025-10-31,1038293000,36505000,2025-12-03,0.68,0.17,55570844,-80125000,53032000,0.6569092238368739,-133157000
