fiscalDateEnding,totalRevenue,netIncome,reportedDate,reportedEPS,estimatedEPS,commonStockSharesOutstanding,operatingCashflow,capitalExpenditures,eps_computed_simple,freeCashFlow
2005-10-31,131502000,4574000,2005-12-13,0.0498,,91875150,1639000,1784000,0.04978495273204996,-145000
2006-01-31,109587000,2297000,2006-03-13,0.025,,92016806,5964000,2170000,0.024962831246283422,3794000
2006-04-30,133350000,5672000,2006-07-13,0.0625,,91891200,4095000,2492000,0.06172517063657891,1603000
2006-07-31,150136000,9759000,2006-09-13,0.106,,92107200,7096000,1666000,0.10595262911042785,5430000
2006-10-31,135818000,5749000,2006-12-13,0.0624,,92124000,8515000,2750000,0.06240501932178368,5765000
2007-01-31,117123000,3034000,2007-03-14,0.0329,,92168068,3657000,2132000,0.03291812517975314,1525000
2007-04-30,135953000,6140000,2007-07-13,0.065,,92146000,13567000,4427000,0.06663338614806937,9140000
2007-07-31,151764000,7185000,2007-09-07,0.0779,,92246000,7333000,2351000,0.07788955618671813,4982000
2007-10-31,143528000,6477000,2007-12-07,0.0702,,92212000,8957000,2074000,0.07024031579403982,6883000
2008-01-31,123182000,3254000,2008-03-07,0.0353,,92188000,-4023000,2576000,0.03529743567492515,-6599000
2008-04-30,147527000,5564000,2008-07-18,0.0603,,92218000,21721000,2724000,0.06033529245917283,18997000
2008-07-31,152927000,7751000,2008-09-12,0.084,,92270000,6415000,1372000,0.08400346808280047,5043000
2008-10-31,144375000,6483000,2008-12-11,0.0702,,92390000,5708000,1381000,0.07016993181080204,4327000
2009-01-31,129430000,3654000,2009-03-13,0.0395,,92410000,12830000,2144000,0.039541175197489446,10686000
2009-04-30,148445000,6854000,2009-07-16,0.0742,,92382000,10876000,1761000,0.07419194215323331,9115000
2009-07-31,162831000,9793000,2009-09-10,0.1058,,92520000,12607000,1397000,0.10584738434932987,11210000
2009-10-31,149571000,8324000,2009-12-10,0.0899,,92550000,12622000,2912000,0.08994057266342517,9710000
2010-01-31,131462000,5525000,2010-03-11,0.0597,,92614000,15877000,1467000,0.059656207484829506,14410000
2010-04-30,149601000,9211000,2010-07-16,0.0995,,92588000,13279000,2573000,0.0994837343932259,10706000
2010-07-31,165030000,12053000,2010-09-10,0.13,,92706000,15865000,1303000,0.1300131598817768,14562000
2010-10-31,151127000,10207000,2010-12-09,0.1101,,92734000,14004000,2833000,0.11006750490650678,11171000
2011-01-31,131926000,7407000,2011-03-11,0.0798,,92766000,6474000,3366000,0.0798460642907962,3108000
2011-04-30,152110000,11087000,2011-07-15,0.1195,,92746000,18959000,3887000,0.11954154357061221,15072000
2011-07-31,169080000,13435000,2011-09-08,0.1448,,92806000,14774000,1805000,0.14476434713272848,12969000
2011-10-31,157974000,11123000,2011-12-08,0.1197,,92896000,3347000,1978000,0.1197360489149156,1369000
2012-01-31,136401000,7904000,2012-03-08,0.085,,92944000,380000,2389000,0.08504045446720605,-2009000
2012-04-30,165431000,11531000,2012-07-12,0.1241,,92896000,19195000,3733000,0.12412805718222529,15462000
2012-07-31,182849000,14392000,2012-09-07,0.1549,,92936000,12339000,1397000,0.15485925798398897,10942000
2012-10-31,166568000,12017000,2012-12-06,0.1293,,92970000,3806000,1829000,0.1292567494890825,1977000
2013-01-31,144723000,8414000,2013-03-07,0.0905,,92964000,10825000,2799000,0.09050815369390301,8026000
2013-04-30,167867000,12097000,2013-07-11,0.1285,,92964000,13294000,3668000,0.13012564003270083,9626000
2013-07-31,172353000,12070000,2013-09-06,0.1281,,93034000,18171000,2397000,0.12973751531698088,15774000
2013-10-31,167666000,12497000,2013-12-02,0.1327,0.0,93020000,5334000,1974000,0.13434745216082564,3360000
2014-01-31,136774000,7136000,2014-03-03,0.0751,0.0,93044000,8802000,3638000,0.07669489703796054,5164000
2014-04-30,164342000,11932000,2014-07-18,0.125,,93038000,20075000,4115000,0.1282486725853952,15960000
2014-07-31,174637000,15363000,2014-09-10,0.1633,,93058000,18200000,1593000,0.16509058866513357,16607000
2014-10-31,163575000,12958000,2014-12-11,0.1388,,93084000,13030000,2964000,0.13920759743887243,10066000
2015-01-31,143021000,8808000,2015-03-12,0.0941,,93160000,5484000,2604000,0.09454701588664663,2880000
2015-04-30,164592000,12182000,2015-07-17,0.1309,,93118000,21306000,4469000,0.13082325651324125,16837000
2015-07-31,185386000,17113000,2015-09-09,0.1832,0.0,93182000,20598000,1998000,0.1836513489729776,18600000
2015-10-31,178678000,15312000,2015-12-09,0.1637,0.0,93294000,16563000,2415000,0.16412631037365746,14148000
2016-01-31,161687000,11236000,2016-03-10,0.1199,0.0,93414000,12661000,3404000,0.12028175648189779,9257000
2016-04-30,179034000,17537000,2016-07-15,0.185,0.0,93342000,29133000,4323000,0.1878789826658953,24810000
2016-07-31,217108000,28995000,2016-08-24,0.31,,93534000,30422000,3495000,0.3099942266983129,26927000
2016-10-31,203180000,24604000,2016-11-30,0.53,0.28,93522000,22766000,4973000,0.2630824832659695,17793000
2017-01-31,194564000,24285000,2017-03-09,0.52,0.39,93526000,28231000,3366000,0.25966041528558903,24865000
2017-04-30,212066000,29161000,2017-07-13,0.62,0.6,93540000,32353000,2181000,0.31174898439170406,30172000
2017-07-31,259832000,38272000,2017-09-06,0.82,0.7,93832000,43542000,4054000,0.40787790945519653,39488000
2017-10-31,244119000,33980000,2017-11-29,0.72,0.41,93850000,28796000,6263000,0.3620671283963772,22533000
2018-01-31,227477000,41080000,2018-03-08,0.88,0.68,93846000,34420000,8369000,0.4377384225220041,26051000
2018-04-30,244306000,36442000,2018-06-27,0.77,0.82,93842000,47963000,13288000,0.3883335819782187,34675000
2018-07-31,292590000,48830000,2018-09-06,1.04,1.04,93838000,59280000,6226000,0.5203648841620665,53054000
2018-10-31,260709000,41078000,2018-12-06,0.88,0.87,93856000,16892000,10076000,0.43767047391749064,6816000
2019-01-31,220891000,24809000,2019-03-07,0.53,0.76,93868000,30860000,11154000,0.26429667192227385,19706000
2019-04-30,239915000,26136000,2019-06-26,0.55,0.28,93834000,32410000,10877000,0.2785344331478995,21533000
2019-07-31,263568000,34542000,2019-09-05,0.74,0.37,93760000,50611000,4156000,0.36840870307167234,46455000
2019-10-31,251611000,32654000,2019-12-05,0.7,0.35,93754000,36543000,5486000,0.34829447276916187,31057000
2020-01-31,222814000,26563000,2020-03-05,0.57,0.29,93604000,38056000,6205000,0.28378060766633906,31851000
2020-04-30,262401000,36213000,2020-07-01,0.77,0.39,93656000,52482000,8043000,0.38665969078329204,44439000
2020-07-31,293367000,51164000,2020-09-10,1.09,0.55,93508000,51529000,3668000,0.547161740171964,47861000
2020-10-31,271809000,47164000,2020-12-10,0.505,0.51,93754000,59348000,6701000,0.5030612027220172,52647000
2021-01-31,245931000,36687000,2021-03-11,0.39,0.39,93610000,34294000,6628000,0.39191325713064845,27666000
2021-04-30,261103000,39131000,2021-06-30,0.41,0.41,93620000,48599000,8317000,0.41797692800683617,40282000
2021-07-31,311712000,53816000,2021-09-09,0.58,0.58,93574000,56658000,4770000,0.5751170196849552,51888000
2021-10-31,283158000,39284000,2021-12-09,0.42,0.42,93640000,29306000,1858000,0.4195215719777873,27448000
2022-01-31,258923000,31068000,2022-03-10,0.33,0.33,93611000,6588000,9431000,0.33188407345290616,-2843000
2022-04-30,284220000,34344000,2022-06-29,0.367,0.37,93599000,40581000,12956000,0.3669269970833022,27625000
2022-07-31,318117000,35454000,2022-09-08,0.38,0.38,93599000,40617000,2609000,0.37878609814207415,38008000
2022-10-31,299633000,36046000,2022-12-08,0.39,0.45,93602000,41621000,5365000,0.3850986090040811,36256000
2023-01-31,268483000,34361000,2023-03-09,0.37,0.32,93611000,30015000,4308000,0.3670615632778199,25707000
2023-04-30,286699000,36303000,2023-06-28,0.39,0.38,93609500,49412000,9697000,0.3878132027198094,39715000
2023-07-31,324240000,49631000,2023-09-07,0.53,0.52,93610000,70143000,5474000,0.5301890823629954,64669000
2023-10-31,300074000,43788000,2023-12-07,0.47,0.47,93604000,31916000,7286000,0.46780052134524164,24630000
2024-01-31,270065000,39592000,2024-03-07,0.42,0.41,93640000,35406000,6704000,0.42281076463049977,28702000
2024-04-30,297315000,43721000,2024-06-26,0.47,0.47,93666000,60442000,10836000,0.4667755642388914,49606000
2024-07-31,329473000,56780000,2024-09-05,0.61,0.57,93667000,57499000,3704000,0.6061900135586706,53795000
2024-10-31,291202000,45637000,2024-12-05,0.49,0.4892,93686000,42591000,6907000,0.48712721217684607,35684000
2025-01-31,267050000,39643000,2025-03-06,0.42,0.43,93691000,46531000,10204000,0.42312495330394595,36327000
2025-04-30,313629000,44761000,2025-07-02,0.48,0.47,93684000,60075000,15466000,0.47778702873489604,44609000
2025-07-31,330515000,55760000,2025-09-11,0.6,0.61,93699000,59089000,3095000,0.5950970661373121,55994000
2025-10-31,288331000,46364000,2025-12-11,0.5,0.51,93684000,25712000,5807000,0.494897741343239,19905000
