fiscalDateEnding,totalRevenue,netIncome,reportedDate,reportedEPS,estimatedEPS,commonStockSharesOutstanding,operatingCashflow,capitalExpenditures,eps_computed_simple,freeCashFlow
2007-06-30,0,-9396000,2007-08-07,-1.37,-0.48,7083748,-10380000,208000,-1.3264164676665517,-10588000
2007-09-30,0,-10303000,2007-10-31,-0.46,-0.46,22291832,-6104000,67000,-0.46218722624502107,-6171000
2007-12-31,1784000,-11773000,2008-01-29,-0.53,-0.4,22412689,42412000,190000,-0.5252827985075775,42222000
2008-03-31,3160000,-7731000,2008-05-13,-0.34,-0.38,22412689,-7196000,162000,-0.3449385301335328,-7358000
2008-06-30,3807000,-9294000,2008-08-07,-0.41,-0.51,22467198,-7744000,897000,-0.4136697419945291,-8641000
2008-09-30,3653000,-8180000,2008-11-03,-0.36,-0.47,22517431,-7625000,604000,-0.3632741230560449,-8229000
2008-12-31,4345000,-14150000,2009-02-05,-0.63,-0.62,22613850,-14298000,1004000,-0.6257227318656488,-15302000
2009-03-31,4606000,-12472000,2009-05-07,-0.55,-0.64,22613850,-10850000,665000,-0.551520417797058,-11515000
2009-06-30,5361000,-13623000,2009-08-05,-0.6,-0.65,22618026,-10455000,775000,-0.602307203997378,-11230000
2009-09-30,4913000,-13429000,2009-10-29,-0.59,-0.68,22621513,-11474000,284000,-0.5936384538028027,-11758000
2009-12-31,49476000,32956000,2010-02-16,1.45,-0.59,24289422,-10592000,83000,1.356804620546343,-10675000
2010-03-31,49476000,-13176000,2010-05-06,-0.54,-0.58,24289422,-13429000,69000,-0.5424583590338213,-13498000
2010-06-30,0,-11315000,2010-08-05,-0.41,-0.53,27623297,-11856000,66000,-0.4096180119266719,-11922000
2010-09-30,0,-15357000,2010-11-08,-0.56,-0.49,27625137,-11063000,60000,-0.5559067453674529,-11123000
2010-12-31,922000,-15088000,2011-02-14,-0.48,-0.15,34498926,22365000,189000,-0.4373469481339796,22176000
2011-03-31,5966000,-13350000,2011-05-04,-0.39,-0.35,34498926,-13306000,71000,-0.3869685682389069,-13377000
2011-06-30,4040000,-12641000,2011-08-08,-0.37,-0.32,34530693,-10607000,111000,-0.36608011313297417,-10718000
2011-09-30,5798000,-9759000,2011-11-01,-0.28,-0.33,34979702,-12988000,216000,-0.27899036990080706,-13204000
2011-12-31,5630000,-8662000,2012-02-13,-0.25,-0.37,37887520,-12521000,1022000,-0.22862409574445622,-13543000
2012-03-31,7774000,-13137000,2012-05-10,-0.35,-0.35,37887520,-8039000,3082000,-0.346736867443422,-11121000
2012-06-30,10637000,-9343000,2012-08-07,-0.2,-0.23,46870067,-11131000,857000,-0.19933831116563158,-11988000
2012-09-30,5798000,-16290000,2012-11-05,-0.34,-0.24,48513647,-7200000,228000,-0.3357818058906188,-7428000
2012-12-31,18411000,-10015000,2013-03-12,-0.2,-0.37,49477596,-7374000,157000,-0.2024148465095192,-7531000
2013-03-31,0,-17458000,2013-05-09,-0.35,-0.33,49621188,-13900000,372000,-0.3518255145362501,-14272000
2013-06-30,0,-15349000,2013-08-07,-0.31,-0.35,49621188,-10261000,203000,-0.30932350914290885,-10464000
2013-09-30,39000,-14589000,2013-11-12,-0.29,-0.34,49621188,-13513000,70000,-0.29400747116332643,-13583000
2013-12-31,324000,-12237000,2014-03-03,-0.18,-0.32,64353952,-8120000,50000,-0.19015149217253977,-8170000
2014-03-31,456000,-15943000,2014-05-05,-0.25,-0.24,64353952,-10220000,40000,-0.24773925306094643,-10260000
2014-06-30,475000,-14614000,2014-08-07,-0.22,-0.23,67212764,-11819000,92000,-0.21742893953892448,-11911000
2014-09-30,293000,-17149000,2014-11-06,-0.22,-0.21,78889346,-15122000,60000,-0.2173804305590263,-15182000
2014-12-31,-1224000,-21219000,2015-03-03,-0.24,-0.18,86952485,-14508000,46000,-0.24402982847471236,-14554000
2015-03-31,0,-24288000,2015-05-05,-0.25,-0.2,95743416,-20975000,753000,-0.2536780179224021,-21728000
2015-06-30,0,-27133000,2015-08-05,-0.26,-0.24,99994125,-22636000,676000,-0.2713459415740675,-23312000
2015-09-30,0,-37800000,2015-11-03,-0.32,-0.25,118724882,-21017000,817000,-0.3183831338741613,-21834000
2015-12-31,0,-42896000,2016-02-26,-0.36,-0.3,125178517,-35511000,2571000,-0.34267860834299546,-38082000
2016-03-31,0,-43691000,2016-05-03,-0.35,-0.34,125178517,-44936000,2878000,-0.34902953835121725,-47814000
2016-06-30,0,-51050000,2016-08-09,-0.4,-0.33,129122175,-32735000,1730000,-0.39536198952658597,-34465000
2016-09-30,2127000,-46654000,2016-11-07,-0.33,-0.31,140656109,-40878000,912000,-0.3316884018169449,-41790000
2016-12-31,2831000,-58647000,2017-03-01,-0.42,-0.33,134401588,-31985000,431000,-0.43635645138359525,-32416000
2017-03-31,4169000,-54992000,2017-05-09,-0.39,-0.36,142770629,-49844000,732000,-0.3851772621944532,-50576000
2017-06-30,7158000,-48136000,2017-08-07,-0.34,-0.36,143000718,-41919000,1547000,-0.33661369448508643,-43466000
2017-09-30,10874000,-111666000,2017-11-08,-0.41,-0.31,160796841,-49955000,1119000,-0.6944539414179163,-51074000
2017-12-31,14729000,-69208000,2018-02-28,-0.41,-0.3,160796841,-73767000,1128000,-0.4304064655101029,-74895000
2018-03-31,16696000,-49916000,2018-05-08,-0.28,-0.36,175977700,-49521000,819000,-0.2836495760542387,-50340000
2018-06-30,21309000,-61833000,2018-08-07,-0.33,-0.33,188621423,-56995000,1062000,-0.3278153616728891,-58057000
2018-09-30,20596000,-159163000,2018-11-05,-0.31,-0.28,189162841,-132762000,2690000,-0.8414073248138624,-135452000
2018-12-31,32644000,-78081000,2019-02-28,-0.41,-0.28,213519287,-60677000,1737000,-0.3656859344982732,-62414000
2019-03-31,34046000,-120299000,2019-05-08,-0.39,-0.31,213519287,-78546000,2944000,-0.5634104613697029,-81490000
2019-06-30,44130000,-84551000,2019-08-08,-0.36,-0.33,238089824,-58485000,2166000,-0.35512227519644013,-60651000
2019-09-30,48768000,-61809000,2019-11-11,-0.24,-0.32,254674422,-55553000,3977000,-0.24269810652598633,-59530000
2019-12-31,55293000,-89729000,2020-03-02,-0.35,-0.27,255417869,-57832000,10925000,-0.3513027508658762,-68757000
2020-03-31,60525000,-88948000,2020-05-07,-0.34,-0.28,256968248,-107942000,806000,-0.34614393292668594,-108748000
2020-06-30,62353000,-52492000,2020-08-10,-0.2,-0.26,257973329,-33518000,1070000,-0.20347839911776305,-34588000
2020-09-30,67437000,-64011000,2020-11-05,-0.23,-0.22,259161799,-42008000,284000,-0.24699242036053315,-42292000
2020-12-31,70571000,-71401000,2021-03-01,-0.27,-0.22,262063461,-49822000,1067000,-0.27245690691690894,-50889000
2021-03-31,66402000,-65664000,2021-05-10,-0.25,-0.23,264369317,-72354000,868000,-0.2483798072527456,-73222000
2021-06-30,77413000,-51225000,2021-08-05,-0.19,-0.21,266398516,-35923000,366000,-0.1922871071849364,-36289000
2021-09-30,79545000,-50294000,2021-11-09,-0.19,-0.17,267464637,-23700000,890000,-0.18803981178266943,-24590000
2021-12-31,82154000,-83277000,2022-02-24,-0.29,-0.16,278912800,-70514000,1760000,-0.2985771897166426,-72274000
2022-03-31,78715000,-85260000,2022-05-09,-0.3,-0.25,288481741,-58315000,871000,-0.2955473012068379,-59186000
2022-06-30,80731000,-62157000,2022-08-04,-0.21,-0.22,291970562,-15862000,355000,-0.21288790066445124,-16217000
2022-09-30,81691000,-33286000,2022-11-07,-0.12,-0.19,289223709,-11626000,137000,-0.1150873837939752,-11763000
2022-12-31,88096000,-55865000,2023-03-01,-0.19,-0.13,281108273,-80772000,2677000,-0.19873125541203834,-83449000
2023-03-31,86270000,-52932000,2023-05-10,-0.18,-0.15,291336750,-18069000,1942000,-0.1816866564207914,-20011000
2023-06-30,94503000,-43232000,2023-08-08,-0.15,-0.12,292797002,-16133000,2202000,-0.14765178504115967,-18335000
2023-09-30,103501000,-21577000,2023-11-08,-0.07,-0.08,295759435,-38347000,1565000,-0.07295456187221888,-39912000
2023-12-31,115082000,-33843000,2024-02-28,-0.11,-0.06,293594209,3458000,1731000,-0.11527134719472618,1727000
2024-03-31,110403000,-48419000,2024-05-09,-0.16,-0.07,302903009,-29695000,1811000,-0.15984984817367728,-31506000
2024-06-30,126669000,-15697000,2024-08-08,-0.05,-0.06,303773922,22691000,1098000,-0.051673296695955356,21593000
2024-09-30,141517000,-6729000,2024-11-06,-0.02,-0.01,304690596,-22971000,356000,-0.02208469866920343,-23327000
2024-12-31,149706000,14739000,2025-02-26,0.09,0.0911,299041653,-3916000,288000,0.04928744826059398,-4204000
2025-03-31,125249000,-21686000,2025-05-07,0.03,-0.07,307689207,7758000,212000,-0.0704802102466987,7546000
2025-06-30,154688000,-24420000,2025-07-31,-0.08,-0.11,308254256,-26526000,2403000,-0.07922031739928354,-28929000
2025-09-30,169061000,17306000,2025-11-04,0.06,0.03,310433494,35660000,382000,0.0557478504558532,35278000
