fiscalDateEnding,totalRevenue,netIncome,reportedDate,reportedEPS,estimatedEPS,commonStockSharesOutstanding,operatingCashflow,capitalExpenditures,eps_computed_simple,freeCashFlow
2005-09-30,94925000,23494000,2005-10-27,0.5,0.49,42468000,15698000,213383000,0.5532165395121033,-197685000
2005-12-31,97795000,25465000,2006-02-22,0.51,0.53,43887000,12323000,402467000,0.5802401622348303,-390144000
2006-03-31,96836000,22943000,2006-04-26,0.39,0.47,43887000,27885000,233141000,0.5227743978854786,-205256000
2006-06-30,100497000,32294000,2006-07-25,0.62,0.55,44006000,25499000,156318000,0.733854474389856,-130819000
2006-09-30,103100000,29371000,2006-10-25,0.54,0.49,44032000,-3572000,261874000,0.6670376090116279,-265446000
2006-12-31,99910000,27385000,2007-02-21,0.49,0.63,44410000,9739000,162507000,0.6166403963071381,-152768000
2007-03-31,106417000,35187000,2007-04-25,0.66,0.55,44410000,23275000,196785000,0.7923215492006305,-173510000
2007-06-30,115036000,37413000,2007-07-24,0.67,0.54,44471000,38450000,189006000,0.8412898293269772,-150556000
2007-09-30,108917000,34160000,2007-10-24,0.66,0.61,44240000,17503000,160113000,0.7721518987341772,-142610000
2007-12-31,104557000,48291000,2008-02-20,1.0,0.64,42984000,13508000,131557000,1.123464544946957,-118049000
2008-03-31,244210398,53223000,2008-04-23,1.13,0.66,42984000,540000,160441000,1.2382049134561697,-159901000
2008-06-30,130824000,45793000,2008-07-23,0.96,1.07,43128000,33147000,140288000,1.061792802819514,-107141000
2008-09-30,136602,8459000,2008-10-29,0.09,0.1,43151000,25897000,194183000,0.19603253690528608,-168286000
2008-12-31,151123000,-67435000,2009-03-02,-1.66,-1.05,44147000,11601000,88502000,-1.5275103631050808,-76901000
2009-03-31,113092000,-10544000,2009-04-30,-0.35,-0.53,44147000,20776000,28787000,-0.23883842616712347,-8011000
2009-06-30,105702000,-2886000,2009-08-04,-0.17,-0.54,44439000,30981000,18520000,-0.06494295551205023,12461000
2009-09-30,102762000,2965000,2009-11-04,-0.04,-0.17,45360000,28733000,15068000,0.06536596119929454,13665000
2009-12-31,88066000,16198000,2010-02-24,0.18,0.25,61797000,61689000,62375000,0.26211628396200465,-686000
2010-03-31,89747000,-16914000,2010-04-27,-0.35,-0.4,61797000,4884000,13486000,-0.2737026069226661,-8602000
2010-06-30,87521000,-13548000,2010-08-02,-0.29,-0.27,62838000,26558000,34476000,-0.21560202425284064,-7918000
2010-09-30,84825000,-149385000,2010-10-26,-2.44,-0.17,63100000,25652000,20622000,-2.36743264659271,5030000
2010-12-31,26638000,-22974000,2011-02-23,-0.43,-0.46,70639000,26095000,21152000,-0.3252311046305865,4943000
2011-03-31,71897000,-3730000,2011-04-27,-0.12,-0.2,70639000,6487000,13383000,-0.05280369201149507,-6896000
2011-06-30,73323000,196000,2011-07-27,-0.06,-0.14,79727000,31263000,24569000,0.0024583892533269784,6694000
2011-09-30,76793000,-3990000,2011-10-27,-0.1,-0.11,85930000,26357000,22998000,-0.04643314325613872,3359000
2011-12-31,85239000,79000,2012-02-22,-0.05,-0.13,86575000,23427000,29574000,0.0009125036095870633,-6147000
2012-03-31,83086000,1262000,2012-04-26,-0.04,-0.12,86575000,30237000,28828000,0.014576956396188277,1409000
2012-06-30,83820000,-9528000,2012-07-25,-0.16,-0.12,87981000,30080000,64984000,-0.10829610938725406,-34904000
2012-09-30,80984000,8919000,2012-10-24,0.04,-0.04,93488000,30514000,19220000,0.09540261851788465,11294000
2012-12-31,76713000,-1971000,2013-02-20,-0.09,-0.06,97738000,45591000,113032000,-0.020166158505391968,-67441000
2013-03-31,80644000,-903000,2013-04-25,-0.05,-0.01,100774000,20401000,36787000,-0.008960644610713081,-16386000
2013-06-30,78427000,11117000,2013-07-25,0.05,0.02,108117000,25253000,23462000,0.10282379274304689,1791000
2013-09-30,79780000,8544000,2013-10-24,0.05,0.02,109474000,39908000,17050000,0.07804592871366717,22858000
2013-12-31,79739000,21549000,2014-02-25,0.18,0.03,109975000,40189000,121659000,0.19594453284837463,-81470000
2014-03-31,86827000,4963000,2014-04-23,0.02,0.03,110215000,24135000,32887000,0.04503016830739917,-8752000
2014-06-30,84600000,4039000,2014-07-23,0.04,0.03,110404000,27488000,43863000,0.03658381942683236,-16375000
2014-09-30,86347000,21237000,2014-10-29,0.19,0.05,110271000,44240000,3657000,0.1925891666893381,40583000
2014-12-31,90324000,18729000,2015-02-19,0.17,0.06,110405000,41313000,166409000,0.16963905620216477,-125096000
2015-03-31,90037000,2373000,2015-04-23,0.02,0.07,110675000,27954000,25421000,0.02144115653941721,2533000
2015-06-30,90485000,13962000,2015-07-30,0.13,0.08,110683000,46748000,40437000,0.126144032958991,6311000
2015-09-30,92153000,13867000,2015-10-28,0.13,0.1,110848000,45988000,85165000,0.12509923498845266,-39177000
2015-12-31,93140000,43393000,2016-02-18,0.39,0.09,110916000,41459000,192616000,0.39122398932525515,-151157000
2016-03-31,93467000,15625000,2016-04-27,0.14,0.1,110985000,26809000,67918000,0.14078479073748704,-41109000
2016-06-30,93015000,50049000,2016-07-28,0.43,0.1,116558000,47315000,26368000,0.42939137596732957,20947000
2016-09-30,93562000,31409000,2016-10-27,0.27,0.12,116864000,53089000,37635000,0.2687654025191676,15454000
2016-12-31,97976000,23714000,2017-02-22,0.2,0.13,116837000,46122000,44858000,0.20296652601487541,1264000
2017-03-31,97383000,22642000,2017-04-25,0.19,0.13,117261000,38635000,30068000,0.19309062689214657,8567000
2017-06-30,97579000,37433000,2017-07-26,0.32,0.14,117779000,53812000,81776000,0.3178240603163552,-27964000
2017-09-30,99310000,43053000,2017-10-25,0.33,0.16,119990000,54294000,57646000,0.3588049004083674,-3352000
2017-12-31,102130000,97668000,2018-02-21,0.16,0.15,119846000,44687000,76286000,0.8149458471705355,-31599000
2018-03-31,99771000,36195000,2018-04-24,0.3,0.13,120211000,37024000,72168000,0.30109557361639117,-35144000
2018-06-30,98843000,45058000,2018-07-25,0.36,0.17,124085000,56793000,41131000,0.36312205343111575,15662000
2018-09-30,100059000,30810000,2018-10-24,0.24,0.18,126130000,57218000,31015000,0.24427178308094824,26203000
2018-12-31,105005000,50827000,2019-02-13,0.4,0.19,126194000,59470000,53156000,0.4027687528725613,6314000
2019-03-31,104418000,23743000,2019-04-23,0.19,0.17,126456000,41729000,52108000,0.18775700638957424,-10379000
2019-06-30,103864000,39711000,2019-07-24,0.31,0.24,126489000,78389000,108282000,0.3139482484642933,-29893000
2019-09-30,106518000,78141000,2019-10-23,0.62,0.23,126783000,70061000,56744000,0.6163365750928752,13317000
2019-12-31,112603000,96861000,2020-02-12,0.76,0.2,127030000,55441000,229980000,0.7625049200976147,-174539000
2020-03-31,110314000,40575000,2020-04-22,0.32,0.19,127111000,40269000,197854000,0.3192091951129328,-157585000
2020-06-30,109157000,35610000,2020-07-22,0.28,0.24,127266000,77188000,61250000,0.2798076469756259,15938000
2020-09-30,116032000,35900000,2020-10-21,0.28,0.24,128101000,72682000,7671000,0.2802476171146205,65011000
2020-12-31,112282000,83590000,2021-02-10,0.65,0.18,129125000,50942000,173039000,0.6473572120038722,-122097000
2021-03-31,116186000,62137000,2021-04-21,0.48,0.23,129172000,41405000,85272000,0.48104078283219276,-43867000
2021-06-30,117332000,51875000,2021-07-21,0.4,0.22,129187000,77079000,61914000,0.40154969153242975,15165000
2021-09-30,121067000,42398000,2021-10-20,0.33,0.28,129722000,77953000,73930000,0.3268373907278642,4023000
2021-12-31,121544000,114288000,2022-02-09,0.87,0.26,131002000,70593000,357166000,0.8724141616158532,-286573000
2022-03-31,125491000,36227000,2022-04-20,0.27,0.26,131885000,59898000,115666000,0.27468627971338666,-55768000
2022-06-30,130015999,116991000,2022-07-20,0.88,0.28,132106000,198991000,134484000,0.885584303513845,64507000
2022-09-30,139746000,123764000,2022-10-19,0.94,0.27,132176000,87133000,133854000,0.9363575838276238,-46721000
2022-12-31,144594000,81997000,2023-02-08,0.62,0.26,132241000,64875000,827694000,0.6200573195907472,-762819000
2023-03-31,149425000,55967000,2023-04-19,0.42,0.28,132299000,70318000,99895000,0.4230341877111694,-29577000
2023-06-30,153627000,54636000,2023-07-19,0.41,0.28,132336999,85791000,261682000,0.41285506255132776,-175891000
2023-09-30,156493000,75012000,2023-10-18,0.57,0.3,132339000,84335000,374040000,0.5668170380613424,-289705000
2023-12-31,158655000,89201000,2024-02-07,0.67,0.31,132360000,64369000,168008000,0.6739271683288003,-103639000
2024-03-31,163542000,68452000,2024-04-17,0.52,0.31,132406000,62499000,68376000,0.5169856350920653,-5877000
2024-06-30,165174000,51318000,2024-07-17,0.39,0.36,132399000,107726000,43105000,0.3876011148120454,64621000
2024-09-30,168156000,99363000,2024-10-16,0.75,0.38,132421000,105474000,47559000,0.7503568165170177,57915000
2024-12-31,175308000,68421000,2025-02-05,0.52,0.35,132416000,76780000,289426000,0.516712481875302,-212646000
2025-03-31,177246000,48067000,2025-04-15,0.36,0.3723,132493000,88566000,221981000,0.3627889775308884,-133415000
2025-06-30,179824000,55146000,2025-07-15,0.42,0.3833,132479000,126054000,298786000,0.41626220004679987,-172732000
2025-09-30,181430000,65269000,2025-10-15,0.49,0.39,132503999,145863000,382952000,0.4925813597520177,-237089000
