fiscalDateEnding,totalRevenue,netIncome,reportedDate,reportedEPS,estimatedEPS,commonStockSharesOutstanding,operatingCashflow,capitalExpenditures,eps_computed_simple,freeCashFlow
2005-09-30,,-191558.16,2005-09-30,-0.0166,,6411051,405416.0,1251635.25,-0.029879369232907366,-846219.25
2006-03-31,39297.0,-2033549.49,2006-03-31,-0.0744,,36287900,-161789.89,506948.0,-0.056039326883065704,-668737.89
2006-06-30,,325685.0,2006-06-30,0.0065,,50112277,-1891139.45,5758475.5,0.0064991059975183325,-7649614.95
2006-09-30,,-1562617.77,2006-09-30,-0.0395,,43625000,,,-0.035819318510028654,
2007-03-31,4974916.0,-1522477.46,2007-03-31,-0.0235,,63860328,1586512.0,2929720.87,-0.023840739746905152,-1343208.87
2007-06-30,8263939.0,889750.0,2007-08-16,0.0104,,83260090,1534707.0,2568453.86,0.010686392484082109,-1033746.8599999999
2007-09-30,9267727.0,-3414585.01,2007-11-28,-0.0451,,71899133,4309279.0,5769955.81,-0.04749132385226398,-1460676.8099999996
2008-03-31,6639463.0,-622753.33,2008-05-21,-0.0078,,81590204,-1661323.23,2817448.75,-0.007632697302730116,-4478771.98
2008-06-30,7710748.0,2346236.0,2008-08-18,0.0271,,86559462,4050790.0,7373158.44,0.027105482702746004,-3322368.4400000004
2008-09-30,7354997.0,-290950.31,2008-12-03,-0.0035,,85331659,65661.0,4407919.16,-0.003409640846195197,-4342258.16
2008-12-31,418305.0,-2273313.34,2009-03-31,-0.03,0.02,85331659,4817672.0,8210840.94,-0.026640913426984936,-3393168.9400000004
2009-03-31,8980000.0,-1056000.0,2009-05-20,-0.0121,,87219992,436000.0,3070000.0,-0.012107315946555005,-2634000.0
2009-06-30,12862000.0,1196000.0,2009-08-12,0.01,0.01,92253419,4700000.0,2684000.0,0.012964289160925298,2016000.0
2009-09-30,13230000.0,-556000.0,2009-11-12,-0.006,,92736581,2512000.0,3863000.0,-0.00599547658544798,-1351000.0
2009-12-31,16356000.0,1037000.0,2010-03-22,0.01,0.04,92736581,6038000.0,4504000.0,0.011182210825736609,1534000.0
2010-03-31,17543000.0,5724000.0,2010-04-29,0.05,0.04,104776752,3878000.0,4291000.0,0.054630439393654806,-413000.0
2010-06-30,14565000.0,6719000.0,2010-08-13,0.05,0.04,113490707,4990000.0,7321000.0,0.059203085235868695,-2331000.0
2010-09-30,18039000.0,-2542000.0,2010-11-12,-0.02,0.02,110482519,5832000.0,12315000.0,-0.02300816475772063,-6483000.0
2010-12-31,23909000.0,4220000.0,2011-03-24,0.04,0.03,110482519,6409000.0,12484000.0,0.03819608783539774,-6075000.0
2011-03-31,21673000.0,4781000.0,2011-05-13,0.04,0.04,123998696,8335000.0,12330000.0,0.038556857081787375,-3995000.0
2011-06-30,24267000.0,6199000.0,2011-08-11,0.05,0.05,124805640,11515000.0,22188000.0,0.049669229691863284,-10673000.0
2011-09-30,49679000.0,10309000.0,2011-11-10,0.08,0.09,124854464,8346000.0,26720000.0,0.08256813308653506,-18374000.0
2011-12-31,32084000.0,-1755000.0,2012-03-23,-0.01,0.08,106874426,7312000.0,15438000.0,-0.016421140825589087,-8126000.0
2012-03-31,40601000.0,11111000.0,2012-05-09,0.09,0.09,125462390,4172000.0,7589000.0,0.08856040443673997,-3417000.0
2012-06-30,38689000.0,3854000.0,2012-08-08,0.05,0.08,125662345,18199000.0,9690000.0,0.030669489734574028,8509000.0
2012-09-30,43835000.0,8026000.0,2012-11-08,0.06,0.07,125926391,13919000.0,11759000.0,0.06373564696220033,2160000.0
2012-12-31,37895000.0,8472000.0,2013-03-20,0.07,0.05,126259280,17560000.0,15800000.0,0.0671000183115253,1760000.0
2013-03-31,40713000.0,6665000.0,2013-05-07,0.05,0.07,126697862,21988000.0,18395000.0,0.05260546543397867,3593000.0
2013-06-30,30101000.0,-10571000.0,2013-08-12,-0.0842,0.03,126333985,2190000.0,21453000.0,-0.08367503011956759,-19263000.0
2013-09-30,30203000.0,-264000.0,2013-11-05,-0.0021,0.03,126710639,4347000.0,11817000.0,-0.0020834872437191323,-7470000.0
2013-12-31,36377000.0,-14930000.0,2014-03-17,0.02,0.04,124780775,16772000.0,9185000.0,-0.11964984189271144,7587000.0
2014-03-31,45480000.0,4853000.0,2014-05-12,0.05,0.06,127093955,24368000.0,10003000.0,0.03818434952315395,14365000.0
2014-06-30,44319000.0,2868000.0,2014-08-12,0.02,0.05,127603500,6778000.0,13056000.0,0.022475872527007487,-6278000.0
2014-09-30,46384000.0,7824000.0,2014-11-10,0.06,0.06,128730609,19743000.0,8393000.0,0.06077808580863624,11350000.0
2014-12-31,37823000.0,57000.0,2015-03-12,0.01,0.03,127097274,9303000.0,7491000.0,0.00044847539373661156,1812000.0
2015-03-31,39804000.0,3854000.0,2015-05-08,0.03,0.03,129956554,8591000.0,6076000.0,0.029656064903044444,2515000.0
2015-06-30,38871000.0,236000.0,2015-08-07,0.0018,0.03,129813000,5102000.0,10688000.0,0.0018179997380847834,-5586000.0
2015-09-30,39041000.0,2592000.0,2015-11-09,0.02,0.02,129554000,17900000.0,14746000.0,0.02000710128595026,3154000.0
2015-12-31,37013000.0,-17290000.0,2016-03-14,0.0661,0.01,129078741,23176000.0,25620000.0,-0.13394924575534867,-2444000.0
2016-03-31,42700000.0,2578000.0,2016-05-09,0.02,0.02,129904000,-333000.0,16115000.0,0.01984542431333908,-16448000.0
2016-06-30,44500000.0,-1400000.0,2016-08-08,-0.01,0.03,130552000,-1324000.0,6184000.0,-0.010723696304920644,-7508000.0
2016-09-30,65212000.0,11817000.0,2016-11-07,0.07,0.08,142462000,28513000.0,10644000.0,0.08294843537223962,17869000.0
2016-12-31,57866000.0,4853000.0,2017-03-27,0.05,0.06,141062000,25844000.0,9546000.0,0.0344033120188286,16298000.0
2017-03-31,64834000.0,12999000.0,2017-05-24,0.09,0.05,154289000,8894000.0,9790000.0,0.08425098354386898,-896000.0
2017-06-30,63911000.0,8898000.0,2017-08-14,0.06,0.06,159523000,12009000.0,11480000.0,0.05577879051923547,529000.0
2017-09-30,64012000.0,10268000.0,2017-11-08,0.06,0.07,159534000,20402000.0,11199000.0,0.0643624556520867,9203000.0
2017-12-31,75354000.0,34140000.0,2018-03-15,0.08,0.1,159307000,28980000.0,11489000.0,0.2143032007381973,17491000.0
2018-03-31,70442000.0,13754000.0,2018-05-09,0.08,0.11,159770000,20080000.0,11205000.0,0.08608624898291294,8875000.0
2018-06-30,73666000.0,11151000.0,2018-08-08,0.06,0.09,160194000,21889000.0,16263000.0,0.069609348664744,5626000.0
2018-09-30,59596000.0,6853000.0,2018-11-08,0.04,0.04,160085000,21920000.0,34813000.0,0.04280850798013555,-12893000.0
2018-12-31,59592000.0,2232000.0,2019-03-13,0.03,0.03,159883000,19291000.0,35615000.0,0.013960208402394252,-16324000.0
2019-03-31,58991000.0,2243000.0,2019-05-14,0.05,0.06,162332000,3934000.0,33598000.0,0.013817361949584802,-29664000.0
2019-06-30,67908000.0,10279000.0,2019-08-07,0.04,0.05,162656000,23998000.0,56738000.0,0.06319471768640567,-32740000.0
2019-09-30,61305000.0,-7710000.0,2019-11-14,0.02,0.05,160292000,18164000.0,52790000.0,-0.04809971801462331,-34626000.0
2019-12-31,68983000.0,18984000.0,2020-03-11,0.07,0.06,160292000,17977446.0,114542846.0,0.11843385820876899,-96565400.0
2020-03-31,47541000.0,-4498000.0,2020-05-11,-0.01,0.02,160365000,3738000.0,35069000.0,-0.028048514326692232,-31331000.0
2020-06-30,44484000.0,-5655000.0,2020-08-13,-0.03,-0.01,171219000,765000.0,20713000.0,-0.033027876579117973,-19948000.0
2020-09-30,83437000.0,13089000.0,2020-11-12,0.08,0.13,195887000,45460000.0,35821000.0,0.06681913552201015,9639000.0
2020-12-31,103504000.0,18617000.0,2021-03-10,0.12,0.09,184036000,32471526.0,10074219.0,0.10115955573909452,22397307.0
2021-03-31,117822000.0,26402000.0,2021-05-10,0.14,0.1,196091000,21139000.0,16335000.0,0.13464156947539663,4804000.0
2021-06-30,120526000.0,16182000.0,2021-08-11,0.11,0.13,196091000,29550000.0,21477000.0,0.08252291028145096,8073000.0
2021-09-30,162569000.0,-453000.0,2021-11-11,0.08,0.15,289122000,39379000.0,53010000.0,-0.001566812625811941,-13631000.0
2021-12-31,198936000.0,15746000.0,2022-03-23,0.12,0.14,289122000,56516295.0,61463285.0,0.05446143842391793,-4946990.0
2022-03-31,182329000.0,26066000.0,2022-05-11,0.11,0.1,294546000,33650268.0,65790216.0,0.0884955151317621,-32139948.0
2022-06-30,167871000.0,2329000.0,2022-08-10,0.01,0.08,295208000,47432000.0,53986000.0,0.007889352592070676,-6554000.0
2022-09-30,166568000.0,-3754000.0,2022-11-09,0.01,0.03,291429000,64652000.0,58936000.0,-0.01288135360585254,5716000.0
2022-12-31,164723000.0,-152772000.0,2023-03-15,0.02,0.02,290221971,49665319.0,72898442.0,-0.526397086594109,-23233123.0
2023-03-31,175653000.0,10879000.0,2023-05-15,0.05,0.02,292351000,41758000.0,61550000.0,0.037212118309839885,-19792000.0
2023-06-30,158406000.0,3137000.0,2023-08-09,0.01,0.04,293106000,44229000.0,67484000.0,0.010702612706665848,-23255000.0
2023-09-30,243055000.0,27466000.0,2023-11-08,0.1,0.06,294877000,106464000.0,37049000.0,0.09314392102469843,69415000.0
2023-12-31,265314000.0,-92316000.0,2024-03-05,0.07,0.1,306587630,107408313.0,53150770.0,-0.30110803883379117,54257543.0
2024-03-31,200905000.0,26250000.0,2024-05-07,0.09,0.05,308199000,48729349.0,41156332.0,0.08517224260948283,7573017.0
2024-06-30,156287000.0,40629000.0,2024-08-07,0.11,0.15,316941000,73348926.0,26365610.0,0.12819105133132033,46983316.0
2024-09-30,274921000.0,50511000.0,2024-11-06,0.17,0.12,314682000,92882000.0,50128000.0,0.16051442408526703,42754000.0
2024-12-31,302196000.0,11344000.0,2025-03-04,0.1184,0.19,312448000,150318000.0,61917000.0,0.03630684145841868,88401000.0
2025-03-31,290145000.0,58503000.0,2025-05-05,0.2,0.2138,308065000,125997144.0,39439473.0,0.18990472789833315,86557671.0
2025-06-30,230419000.0,37314000.0,2025-08-07,0.13,0.09,308957000,67306000.0,47015000.0,0.12077408830355033,20291000.0
2025-09-30,251362000.0,123589000.0,2025-11-06,0.17,0.1851,335129000,110273495.0,48075876.0,0.368780380092442,62197619.0
