fiscalDateEnding,totalRevenue,netIncome,reportedDate,reportedEPS,estimatedEPS,commonStockSharesOutstanding,operatingCashflow,capitalExpenditures,eps_computed_simple,freeCashFlow
2005-08-31,265226000,10586000,2005-11-02,0.68,0.57,15548000,22376000,19645000,0.6808592745047595,2731000
2005-11-30,186362000,8017000,2006-01-04,0.51,0.37,15847000,8364000,44401000,0.5059001703792516,-36037000
2006-02-28,236214000,8563000,2006-04-05,0.56,0.56,15911000,-31729000,17223000,0.5381811325498083,-48952000
2006-05-31,266088000,10680000,2006-06-28,0.67,0.69,15979000,31007000,5522000,0.6683772451342387,25485000
2006-08-31,265159000,12338000,2006-10-31,0.53,0.63,15994000,31900000,73423000,0.7714142803551332,-41523000
2006-11-30,246623000,1870000,2007-01-09,0.12,0.12,16010000,-41939000,30458000,0.11680199875078076,-72397000
2007-02-28,239978000,-6071000,2007-04-04,-0.38,0.54,16022000,-34766000,47894000,-0.37891648982648857,-82660000
2007-05-31,386606000,13017000,2007-07-10,0.81,0.39,16139000,106515000,48090000,0.8065555486709214,58425000
2007-08-31,350621000,13194000,2007-11-06,0.82,0.67,16202000,16517000,10852000,0.8143439081594864,5665000
2007-11-30,286378000,2642000,2008-01-08,0.16,0.46,16198000,-8770000,14475000,0.16310655636498333,-23245000
2008-02-29,259573000,1423000,2008-04-09,0.28,0.33,16311000,-62161000,1523000,0.08724173870394213,-63684000
2008-05-31,382106000,8126000,2008-07-08,0.49,0.38,16529000,90891000,48479000,0.49162078770645534,42412000
2008-08-31,362021000,7350000,2008-11-06,0.45,0.39,16627000,12158000,13167000,0.44205208395982437,-1009000
2008-11-30,256129000,-3329000,2009-01-09,-0.2,0.15,16629000,-22374000,8473000,-0.20019243490288052,-30847000
2009-02-28,287132000,-6878000,2009-04-08,-0.41,-0.05,16694000,78196000,6675000,-0.41200431292680006,71521000
2009-05-31,244448000,-50538000,2009-07-07,0.03,-0.05,16840000,33419000,18357000,-3.001068883610451,15062000
2009-08-31,230416000,6686000,2009-11-12,0.37,-0.03,16740000,31224000,5342000,0.3994026284348865,25882000
2009-11-30,171693000,-3244000,2010-01-08,-0.19,-0.12,17087000,5097000,11939000,-0.1898519342189969,-6842000
2010-02-28,199950000,-4752000,2010-04-07,-0.28,-0.22,17113000,2693000,7677000,-0.27768363232630167,-4984000
2010-05-31,211455000,4563000,2010-07-08,0.23,-0.02,20058000,28434000,8650000,0.2274902781932396,19784000
2010-08-31,181351000,7710000,2010-11-10,-0.17,-0.09,28421000,6337000,10723000,0.27127828014496325,-4386000
2010-11-30,201444000,-2304000,2011-01-07,-0.16,-0.15,21879000,-47446000,11536000,-0.10530645824763472,-58982000
2011-02-28,286301000,-550000,2011-04-07,-0.02,-0.01,23310000,-4299000,18596000,-0.023595023595023596,-22895000
2011-05-31,317280000,-3314000,2011-07-08,0.1,0.21,24127000,-25562000,29557000,-0.1373564885812575,-55119000
2011-08-31,442736000,12635000,2011-11-03,0.52,0.42,37325000,43055000,24613000,0.33851306095110517,18442000
2011-11-30,398199000,14517000,2012-01-06,0.48,0.36,33389000,-8992000,15007000,0.43478391086884904,-23999000
2012-02-29,458186000,17670000,2012-04-09,0.57,0.47,33668000,1076000,20706000,0.5248306997742663,-19630000
2012-05-31,507797000,19117000,2012-06-28,0.61,0.6,33862000,61549000,36404000,0.564556139625539,25145000
2012-08-31,443535000,7405000,2012-11-01,0.26,0.57,33952000,62423000,45768000,0.21810202639019793,16655000
2012-11-30,415374000,10427000,2013-01-09,0.35,0.31,33991000,-25485000,25141000,0.30675767114824515,-50626000
2013-02-28,423166000,13839000,2013-04-04,0.45,0.37,34044000,59073000,10384000,0.40650334860768417,48689000
2013-05-31,433663000,-56030000,2013-07-01,0.5,0.55,26619000,-14351000,14152000,-2.104887486381908,-28503000
2013-08-31,484215000,20716000,2013-10-31,0.69,0.61,27182000,85355000,11150000,0.7621219924950334,74205000
2013-11-30,490355000,15388000,2014-01-08,0.51,0.53,34462000,-13455000,6542000,0.446520805524926,-19997000
2014-02-28,502216000,15587000,2014-04-03,0.51,0.6,34345000,80275000,9987000,0.4538360751201048,70288000
2014-05-31,593285000,33588000,2014-07-02,1.03,0.74,34001000,14920000,17993000,0.987853298432399,-3073000
2014-08-31,618106000,47356000,2014-10-30,1.03,1.03,34032000,54167000,35705000,1.3915138692994828,18462000
2014-11-30,495058000,32786000,2015-01-07,1.01,0.75,33713000,-53830000,31314000,0.9725031886809242,-85144000
2015-02-28,630149000,50351000,2015-04-07,1.57,1.2,33073000,46037000,22542000,1.522420100988722,23495000
2015-05-31,714606000,42811000,2015-07-01,1.52,1.63,33000000,37350000,22036000,1.2973030303030304,15314000
2015-08-31,765465000,66884000,2015-10-30,2.02,1.79,33526000,162776000,30097000,1.994988963789298,132679000
2015-11-30,802389000,69433000,2016-01-07,2.15,1.62,32578000,-63491000,15595000,2.131284916201117,-79086000
2016-02-29,669079000,44868000,2016-04-05,1.41,1.56,32360000,212806000,12379000,1.3865265760197776,200427000
2016-05-31,612866000,35352000,2016-07-06,1.12,1.09,32342000,45363000,23733000,1.0930678374868592,21630000
2016-08-31,595190000,33560000,2016-10-25,1.06,1.14,29059000,139509000,87306000,1.1548917719123164,52203000
2016-11-30,553659000,24962000,2017-01-06,0.79,0.83,32412000,29556000,12584000,0.7701468591879551,16972000
2017-02-28,571388000,34536000,2017-04-05,1.09,0.84,32427000,52306000,8610000,1.0650383939309835,43696000
2017-05-31,445612000,32823000,2017-06-29,1.03,0.82,32690000,-3381000,32654000,1.00406852248394,-36035000
2017-08-31,610884000,23746000,2017-10-27,0.86,0.78,32703000,207666000,32217000,0.7261107543650429,175449000
2017-11-30,558769000,26253000,2018-01-05,0.9,0.93,32696000,-39654000,29893000,0.8029422559334475,-69547000
2018-02-28,628390000,61642000,2018-04-06,1.02,0.97,32711000,32000999,23610000,1.8844425422640703,8390999
2018-05-31,641365000,32951000,2018-06-29,1.3,1.14,32914000,91220000,65153000,1.0011241417026189,26067000
2018-08-31,688941000,30935000,2018-10-26,0.8,1.03,33018000,24435000,58192000,0.9369131988612273,-33757000
2018-11-30,604517000,17956000,2019-01-09,0.54,0.47,33093000,-95335000,28677000,0.5425920889614118,-124012000
2019-02-28,658444000,2765000,2019-04-05,0.22,0.24,33206000,-51287000,69499000,0.08326808408119014,-120786000
2019-05-31,855956000,15248000,2019-07-02,0.89,0.95,33183000,54485000,51769000,0.4595124009281861,2716000
2019-08-31,914092000,35107000,2019-10-25,1.31,1.38,33177000,72992000,48288000,1.0581728305753986,24704000
2019-11-30,769072000,7669000,2020-01-08,0.3,0.43,33284000,-65870999,23216000,0.23041100829227257,-89086999
2020-02-29,623591000,13629000,2020-04-07,0.46,0.29,33482000,-56030000,17618000,0.40705453676602354,-73648000
2020-05-31,762904000,27772000,2020-07-10,1.05,0.14,33478000,222206000,14492000,0.8295597108548898,207714000
2020-08-31,636374000,-103000,2020-10-23,0.16,0.3,33522000,184649000,11553000,-0.0030726090328739336,173096000
2020-11-30,403087000,-9972000,2021-01-06,-0.3,-0.07,32723000,9159000,38604000,-0.30473978547199215,-29445000
2021-02-28,295845000,-9065000,2021-04-06,-0.28,-0.37,32810000,-103445000,11749000,-0.27628771715940265,-115194000
2021-05-31,450500000,19737000,2021-07-09,0.69,0.13,33605000,-28900000,12421000,0.5873233149828895,-41321000
2021-08-31,599277000,31777000,2021-10-26,0.98,0.74,33419000,88011000,76237000,0.950866273676651,11774000
2021-11-30,550700000,10800000,2022-01-07,0.32,0.21,33570000,-196700000,186900000,0.32171581769436997,-383600000
2022-02-28,682700000,12800000,2022-04-06,0.38,0.19,34463000,-22400000,11100000,0.3714128195455996,-33500000
2022-05-31,793800000,3100000,2022-07-11,0.09,0.59,33661000,-107500000,50800000,0.0920947090104275,-158300000
2022-08-31,951100000,20200000,2022-10-27,0.6,0.43,33646000,179700000,131900000,0.6003685430660406,47800000
2022-11-30,766600000,-16700000,2023-01-06,0.05,0.5,32719000,-255500000,57000000,-0.5104067972737553,-312500000
2023-02-28,1122000000,33100000,2023-04-10,0.99,0.61,34400000,159100000,112700000,0.9622093023255814,46400000
2023-05-31,1037500000,21300000,2023-06-29,1.02,0.59,33571000,97600000,84200000,0.6344761848023592,13400000
2023-08-31,1016100000,24800000,2023-10-25,0.92,1.0,32707000,70000000,108200000,0.7582474699605589,-38200000
2023-11-30,808000000,31200000,2024-01-05,0.96,0.73,32782000,-44700000,68300000,0.95174180952962,-113000000
2024-02-29,861300000,33400000,2024-04-05,1.03,0.86,32570000,100000000,122200000,1.025483573840958,-22200000
2024-05-31,818700000,33900000,2024-07-08,1.06,1.14,32021000,85000000,134200000,1.0586802410917835,-49200000
2024-08-31,1051700000,61600000,2024-10-23,1.92,1.29,32363000,191600000,73600000,1.9034082130828416,118000000
2024-11-30,874600000,55300000,2025-01-08,1.72,1.16,32223000,-60300000,59100000,1.7161654718679205,-119400000
2025-02-28,762400000,51900000,2025-04-07,1.69,1.78,33228000,94600000,67300000,1.5619357168652943,27300000
2025-05-31,840400000,60100000,2025-07-01,1.86,0.99,32184000,139600000,82700000,1.8673875217499378,56900000
2025-08-31,755800000,36800000,2025-10-23,1.26,1.18,30873000,91800000,71300000,1.1919800472905127,20500000
