fiscalDateEnding,totalRevenue,netIncome,reportedDate,reportedEPS,estimatedEPS,commonStockSharesOutstanding,operatingCashflow,capitalExpenditures,eps_computed_simple,freeCashFlow
2005-07-31,609046000,50712000,2005-08-31,0.47,0.46,58535976,72350000,32984000,0.8663390185891835,39366000
2005-10-31,619727000,22041000,2005-12-07,0.51,0.49,57763970,119302000,26180000,0.38157003405409984,93122000
2006-01-31,582316000,33352000,2006-03-01,0.3,0.28,58352597,-18155000,48018000,0.5715598227787531,-66173000
2006-04-30,620107000,28693000,2006-05-31,0.52,0.43,58307501,66649000,34152000,0.49209792064317764,32497000
2006-07-31,690475000,38336000,2006-08-30,0.73,0.54,58305997,93873000,25714000,0.6574966894057227,68159000
2006-10-31,735577000,41738000,2006-12-06,0.83,0.66,57681163,86741000,29856000,0.7235984475555738,56885000
2007-01-31,750759000,33979000,2007-02-28,0.6,0.38,58655755,2368000,34703000,0.5792952456242358,-32335000
2007-04-30,815043000,18624000,2007-06-06,0.66,0.64,58829618,79339000,39922000,0.31657523256397824,39417000
2007-07-31,874237000,48781000,2007-08-29,0.9,0.87,58731118,83916000,7019000,0.8305818390857126,76897000
2007-10-31,882255000,54984000,2007-12-05,1.05,0.97,58098050,222613000,33256000,0.9464000943233034,189357000
2008-01-31,846292000,60687000,2008-02-27,0.81,0.75,58763242,-85628000,30007000,1.0327374381420276,-115635000
2008-04-30,918019000,48654000,2008-06-04,0.92,0.87,58771366,34847000,40793000,0.8278521210481988,-5946000
2008-07-31,1034081000,64590000,2008-08-27,1.18,1.13,58576988,69842000,37937000,1.1026514371138372,31905000
2008-10-31,978364000,60423000,2008-12-10,1.27,1.15,58080654,120775000,46129000,1.040329194640267,74646000
2009-01-31,666300000,1300000,2009-02-25,0.38,0.35,58179300,-116352000,27240000,0.0223447171072873,-143592000
2009-04-30,647897000,12142000,2009-06-03,0.53,0.51,47085690,63434000,26832000,0.25787027863454903,36602000
2009-07-31,717600000,39700000,2009-09-02,0.88,0.86,46900000,142222000,37516000,0.8464818763326226,104706000
2009-10-31,760493000,79294000,2009-12-09,1.53,1.45,46900000,177220000,39075000,1.6907036247334755,138145000
2010-01-31,709700000,24800000,2010-02-24,0.65,0.61,47400000,-95767000,33814000,0.5232067510548524,-129581000
2010-04-30,836600000,42600000,2010-06-02,0.86,0.81,47500000,25716000,47359000,0.8968421052631579,-21643000
2010-07-31,921300000,66000000,2010-09-01,1.34,1.21,47400000,87826000,39373000,1.3924050632911393,48453000
2010-10-31,993942000,76557000,2010-12-08,1.51,1.44,47100000,160336000,44587000,1.6254140127388534,115749000
2011-01-31,943800000,41400000,2011-03-02,0.86,0.9,47500000,-68200000,40500000,0.871578947368421,-108700000
2011-04-30,1050766000,50884000,2011-06-08,1.04,0.96,47200000,55654000,33666000,1.0780508474576271,21988000
2011-07-31,1121902000,62940000,2011-08-31,1.18,1.33,47200000,35230000,46645000,1.3334745762711864,-11415000
2011-10-31,1131494000,20775000,2011-12-07,0.64,0.61,47200000,149616000,44650000,0.4401483050847458,104966000
2012-01-31,992700000,23900000,2012-02-29,0.55,0.58,47300000,7200000,43300000,0.5052854122621564,-36100000
2012-04-30,1095300000,36800000,2012-06-06,0.77,0.74,47300000,161000000,28800000,0.7780126849894292,132200000
2012-07-31,1102800000,40700000,2012-08-29,0.75,0.72,47400000,151700000,38800000,0.8586497890295358,112900000
2012-10-31,1075600000,26500000,2012-12-11,0.63,0.53,47426480,139200000,40700000,0.5587595790368587,98500000
2013-01-31,1008600000,24900000,2013-02-27,0.46,0.53,47499713,-68800000,28500000,0.5242136936701071,-97300000
2013-04-30,1088900000,40900000,2013-06-05,0.7,0.69,47553446,107700000,27500000,0.8600848821765724,80200000
2013-07-31,1129700000,46700000,2013-09-04,0.84,0.89,47584828,79800000,27100000,0.9814052495892178,52700000
2013-10-31,1126200000,36800000,2013-12-10,0.76,0.82,47600000,131600000,62300000,0.773109243697479,69300000
2014-01-31,1034400000,29500000,2014-02-26,0.45,0.55,47615608,-62800000,42500000,0.6195447509564511,-105300000
2014-04-30,1100700000,35800000,2014-06-04,0.57,0.67,47680812,102700000,53200000,0.7508261394541687,49500000
2014-07-31,1161100000,12200000,2014-08-27,0.41,0.84,47701918,76900000,54000000,0.255754915347429,22900000
2014-10-31,1048100000,8700000,2015-01-14,0.85,0.77,47600000,145000000,45000000,0.18277310924369747,100000000
2015-01-31,902300000,30100000,2015-03-04,0.3,0.37,47737780,-59900000,64600000,0.6305278544582509,-124500000
2015-04-30,915900000,20800000,2015-06-08,0.53,0.49,47808619,32800000,30600000,0.4350679947479763,2200000
2015-07-31,930000000,8600000,2015-09-03,0.6,0.41,47818513,99900000,51200000,0.1798466631532436,48700000
2015-10-31,868500000,12400000,2015-12-10,0.76,0.49,47800000,132900000,27800000,0.2594142259414226,105100000
2016-01-31,771400000,-11100000,2016-03-07,0.4,0.32,47823989,-26200000,29800000,-0.23210109052174632,-56000000
2016-04-30,839600000,31400000,2016-06-08,0.47,0.57,47875551,83900000,22100000,0.6558671251637397,61800000
2016-07-31,845000000,46100000,2016-08-31,0.91,0.72,47792909,100300000,28600000,0.9645782390019406,71700000
2016-10-31,867600000,8500000,2016-12-07,0.65,0.68,47800000,143000000,31100000,0.17782426778242677,111900000
2017-01-31,820900000,5400000,2017-03-01,0.45,0.5,47802166,-44100000,23400000,0.11296559239595963,-67500000
2017-04-30,887400000,36000000,2017-06-07,0.67,0.74,47838607,59600000,21700000,0.752530273299973,37900000
2017-07-31,961800000,43900000,2017-08-30,0.85,0.85,47844890,89600000,27300000,0.9175483526035905,62300000
2017-10-31,968100000,33300000,2017-12-06,0.98,0.89,47800000,199900000,33900000,0.696652719665272,166000000
2018-01-31,905700000,56500000,2018-02-28,0.49,0.66,47853483,-53700000,30600000,1.1806873075466628,-84300000
2018-04-30,968300000,45100000,2018-06-06,0.76,0.85,47942405,58200000,30600000,0.940712089850311,27600000
2018-07-31,1012100000,67700000,2018-08-29,1.2,1.08,47949004,51300000,37400000,1.4119167105118597,13900000
2018-10-31,987700000,40100000,2018-12-05,1.08,1.19,48100000,197200000,50500000,0.8336798336798337,146700000
2019-01-31,897000000,29700000,2019-02-27,0.65,0.64,47999158,-9600000,26900000,0.6187608540966489,-36500000
2019-04-30,1213300000,13600000,2019-06-05,0.81,0.79,48262837,62200000,39000000,0.28179031414999495,23200000
2019-07-31,1252600000,62700000,2019-08-28,1.26,1.18,48265668,141500000,42000000,1.299060027512724,99500000
2019-10-31,1232100000,65000000,2019-12-04,1.24,1.09,48400000,195400000,54300000,1.3429752066115703,141100000
2020-01-31,1112400000,32299999,2020-02-26,0.64,0.55,48422005,19500000,39100000,0.6670520768398582,-19600000
2020-04-30,1158300000,11400000,2020-06-03,0.95,0.75,48394164,99800000,29100000,0.23556559423156892,70700000
2020-07-31,1083000000,20700000,2020-08-26,0.85,0.85,48450320,135000000,34600000,0.42724176021954036,100400000
2020-10-31,1161300000,44400000,2020-12-09,0.78,0.73,48500000,200400000,34000000,0.9154639175257732,166400000
2021-01-31,1146500000,23400000,2021-02-24,0.61,0.53,48539128,11500000,28400000,0.48208529827729907,-16900000
2021-04-30,1340600000,149800000,2021-06-09,1.13,1.06,48700000,152300000,31800000,3.075975359342916,120500000
2021-07-31,1490800000,113000000,2021-09-01,1.93,1.54,48700000,94900000,41400000,2.320328542094456,53500000
2021-10-31,1578200000,104500000,2021-12-08,1.93,1.49,48700000,137300000,45700000,2.1457905544147846,91600000
2022-01-31,1564300000,10300000,2022-03-02,1.28,1.19,48758195,22400000,49300000,0.21124654019698638,-26900000
2022-04-30,1667300000,125100000,2022-06-08,2.41,1.71,48820739,139200000,30800000,2.5624356075396566,108400000
2022-07-31,1622100000,141800000,2022-08-31,2.35,2.0,48600000,209300000,36700000,2.9176954732510287,172600000
2022-10-31,1495800000,99500000,2022-12-07,1.83,1.94,48300000,286600000,66200000,2.060041407867495,220400000
2023-01-31,1271000000,89900000,2023-03-01,1.06,1.25,47509060,32900000,71000000,1.8922706532185651,-38100000
2023-04-30,1308900000,111200000,2023-06-07,1.77,1.32,58450000,210800000,42700000,1.902480752780154,168100000
2023-07-31,1330300000,90300000,2023-08-30,1.75,1.54,57950000,202300000,45300000,1.558239861949957,157000000
2023-10-31,1308400000,67800000,2023-12-06,1.56,1.3,57950000,203500000,77200000,1.1699741156169112,126300000
2024-01-31,1205800000,67200000,2024-02-28,1.27,0.47,46957963,4500000,57400000,1.4310671866239173,-52900000
2024-04-30,877200000,44400000,2024-06-05,0.82,0.85,47249514,87500000,42300000,0.9396922050880777,45200000
2024-07-31,1164900000,87100000,2024-08-28,1.03,1.14,47400000,76800000,45300000,1.8375527426160339,31500000
2024-10-31,724900000,45100000,2024-12-04,0.85,1.1,47600000,187200000,46700000,0.9474789915966386,140500000
2025-01-31,1265800000,8600000,2025-02-26,0.39,0.7314,57950000,-30800000,37300000,0.14840379637618636,-68100000
2025-04-30,1385700000,47300000,2025-06-04,0.8125,1.13,58218864,136400000,30700000,0.8124514418556844,105700000
2025-07-31,146900000,720100000,2025-08-27,1.03,1.21,47600000,-244700000,34900000,15.128151260504202,-279600000
