fiscalDateEnding,totalRevenue,netIncome,reportedDate,reportedEPS,estimatedEPS,commonStockSharesOutstanding,operatingCashflow,capitalExpenditures,eps_computed_simple,freeCashFlow
2005-09-30,769022000,119046000,2005-10-19,0.52,0.52,234959211,220884000,610000,0.5066666656452128,220274000
2005-12-31,769097000,126136000,2006-02-08,0.52,0.52,231296154,177215000,708000,0.5453441305383746,176507000
2006-03-31,857008000,120274000,2006-04-19,0.53,0.53,233290086,210124000,1370000,0.5155555560127831,208754000
2006-06-30,869135000,127375000,2006-07-19,0.54,0.54,227455357,222061000,3932000,0.5600000003517174,218129000
2006-09-30,837939000,128544000,2006-10-18,0.56,0.56,225956250,244683000,1171000,0.5688888888888889,243512000
2006-12-31,857096000,142438000,2007-02-07,0.58,0.58,218834353,188719000,1192000,0.6508941491466835,187527000
2007-03-31,905975000,135191000,2007-04-18,0.59,0.57,222029015,246908000,2969000,0.6088888877879317,243939000
2007-06-30,876569000,127117000,2007-07-18,0.6,0.59,217466066,186399000,5654000,0.5845371755609907,180745000
2007-09-30,863614000,132882000,2007-10-17,0.61,0.61,211638210,221614000,8287000,0.6278733882695379,213327000
2007-12-31,840539000,132345000,2008-02-06,0.63,0.62,204530192,195076000,7252000,0.6470682822221181,187824000
2008-03-31,872433000,118173000,2008-04-16,0.64,0.64,206722478,232933000,4385000,0.5716504617364349,228548000
2008-06-30,860492000,133726000,2008-07-23,0.64,0.65,204069897,190425000,2246000,0.6552950825471333,188179000
2008-09-30,753352000,63151000,2008-10-22,0.67,0.67,197575350,190523000,1974000,0.3196299538378649,188549000
2008-12-31,840641000,137209000,2009-02-04,0.62,0.67,188719708,116730000,1195000,0.7270517820004258,115535000
2009-03-31,809638000,76706000,2009-04-22,0.66,0.66,188719708,218382000,2084000,0.40645463482807,216298000
2009-06-30,819734000,114118000,2009-07-27,0.68,0.67,186153221,141977000,1173000,0.6130326372381169,140804000
2009-09-30,762321000,100800000,2009-10-28,0.66,0.66,186398041,228392000,1679000,0.5407782155822121,226713000
2009-12-31,808171000,113329000,2010-02-10,0.65,0.64,186404332,387362000,1563000,0.6079740678988083,385799000
2010-03-31,845678000,121676000,2010-04-27,0.68,0.67,187230987,303282000,324000,0.64987106007191,302958000
2010-06-30,835895000,126049000,2010-07-28,0.7,0.68,185140379,171573000,1894000,0.6808293289709643,169679000
2010-09-30,838888000,114531000,2010-10-27,0.72,0.7,183049770,270099000,619000,0.6256822939466136,269480000
2010-12-31,847171000,154808000,2011-02-09,0.75,0.73,175225990,283639000,6344000,0.8834762468741081,277295000
2011-03-31,829272000,100141000,2011-04-26,0.72,0.73,178521228,300047000,761000,0.5609472952986857,299286000
2011-06-30,877334000,142781000,2011-07-27,0.76,0.75,169246812,152686000,638000,0.8436259348861472,152048000
2011-09-30,837241000,131400000,2011-10-26,0.81,0.8,157968213,231749000,1528000,0.8318129166910307,230221000
2011-12-31,833554000,126357000,2012-02-06,0.83,0.82,150102540,174982000,2459000,0.8418045424148053,172523000
2012-03-31,897923000,118677000,2012-04-24,0.85,0.85,151890438,284047000,479000,0.7813329236696256,283568000
2012-06-30,885795000,128988000,2012-07-25,0.87,0.87,146739001,163084000,2202000,0.8790301087030026,160882000
2012-09-30,877100000,130672000,2012-10-24,0.86,0.87,144513183,250537000,1175000,0.9042220044381695,249362000
2012-12-31,928698000,150987000,2013-02-04,0.89,0.88,140371167,245171000,811000,1.0756268771349604,244360000
2013-03-31,958216000,119632000,2013-04-23,0.93,0.91,141854865,290374000,855000,0.8433408328998797,289519000
2013-06-30,950339000,133901000,2013-07-24,0.95,0.93,139945903,202107000,1392000,0.9568054307384761,200715000
2013-09-30,932789000,132122000,2013-10-23,0.95,0.95,139010061,278522000,2117000,0.9504491908682783,276405000
2013-12-31,930594000,142817000,2014-02-03,0.97,0.97,133163464,348277000,6804000,1.0724938786512792,341473000
2014-03-31,1024171000,132856000,2014-04-22,1.01,1.0,135035539,274850000,5075000,0.9838595156790539,269775000
2014-06-30,991036000,130923000,2014-07-23,1.02,1.03,133314822,144533000,4931000,0.9820588441396261,139602000
2014-09-30,974488000,132412000,2014-10-22,0.99,1.02,131877205,225015000,4476000,1.004055249730232,220539000
2014-12-31,996450000,146748000,2015-02-02,1.0,1.0,127121101,220310000,4885000,1.154395288001793,215425000
2015-03-31,934440000,121648000,2015-04-22,1.04,1.05,128586852,279729000,6080000,0.9460376244376836,273649000
2015-06-30,950611000,127110000,2015-07-27,1.05,1.06,127439641,174392000,7869000,0.9974133558646795,166523000
2015-09-30,947154000,145386000,2015-10-26,1.08,1.06,126140309,275771000,16714000,1.1525736788864216,259057000
2015-12-31,711080000,132956000,2016-02-03,1.05,1.06,121480805,390158000,6294000,1.0944609726614833,383864000
2016-03-31,977627000,124033000,2016-04-26,1.08,1.06,123312743,337748000,3879000,1.0058408967514412,333869000
2016-06-30,991884000,138429000,2016-07-27,1.11,1.09,122748000,267187000,2861000,1.1277495356339817,264326000
2016-09-30,989773000,151869000,2016-10-25,1.15,1.12,121911000,366991000,3398000,1.2457366439451731,363593000
2016-12-31,975345000,135448000,2017-02-01,1.15,1.13,121237000,426782000,15024000,1.117216691274116,411758000
2017-03-31,1023581000,133541000,2017-04-19,1.15,1.14,120430000,460756000,3978000,1.1088682222037698,456778000
2017-06-30,1029078000,140273000,2017-07-26,1.19,1.17,119097000,278300000,4102000,1.177804646632577,274198000
2017-09-30,1046015000,153334000,2017-10-24,1.23,1.2,118443000,346786000,5371000,1.2945805155222343,341415000
2017-12-31,1056899000,1027346000,2018-02-07,1.24,1.23,117964000,343216000,6834000,8.70897901054559,336382000
2018-03-31,1070436000,173600000,2018-04-18,1.47,1.45,116750000,382389000,11966000,1.4869379014989292,370423000
2018-06-30,1084776000,184425000,2018-07-25,1.51,1.49,115651000,234131000,6769000,1.5946684421232846,227362000
2018-09-30,1083802000,178724000,2018-10-24,1.59,1.53,114974000,320769000,8581000,1.5544731852418807,312188000
2018-12-31,1064737000,164717000,2019-02-05,1.56,1.56,113667000,340358000,17776000,1.4491189175398314,322582000
2019-03-31,1119216000,185345000,2019-04-17,1.64,1.59,112329000,423285000,7015000,1.6500191402042215,416270000
2019-06-30,1130461000,186566000,2019-07-24,1.67,1.65,111586000,263352000,14638999,1.6719480938468985,248713001
2019-09-30,1141279000,201818000,2019-10-23,1.73,1.7,110914000,343538000,8395000,1.8195899525758696,335143000
2019-12-31,1136576000,187061000,2020-02-04,1.7,1.72,110665000,333699000,12154000,1.6903356978267745,321545000
2020-03-31,1133054000,165540000,2020-04-22,1.73,1.71,109132244,343554000,9316000,1.516875250911179,334238000
2020-06-30,1180884000,173048000,2020-07-22,1.65,1.53,107134017,425748000,10829000,1.6152479375434976,414919000
2020-09-30,1195676000,188945000,2020-10-21,1.75,1.75,107053111,309314000,8645000,1.7649650555227676,300669000
2020-12-31,1228941000,204240000,2021-02-02,1.74,1.72,105778000,397818000,12966000,1.9308362797557148,384852000
2021-03-31,1266560000,178517000,2021-04-21,1.53,1.61,104837717,371830000,15529000,1.7027936615597992,356301000
2021-06-30,1271111000,199618000,2021-07-21,1.85,1.82,104233346,330209000,8198000,1.9151068987078281,322011000
2021-09-30,1287152000,188871000,2021-10-20,1.78,1.89,102381017,357983000,7003000,1.8447853472680389,350980000
2021-12-31,1297360000,177953000,2022-02-02,1.7,1.76,101343000,377658000,7514000,1.7559476234175029,370144000
2022-03-31,1302626000,237484000,2022-04-20,1.7,1.72,100250374,397133000,6981000,2.368908868110557,390152000
2022-06-30,1291764000,223973000,2022-07-27,2.07,2.05,98940679,296257000,6646000,2.2637099549316817,289611000
2022-09-30,1297237000,190586000,2022-10-26,2.15,2.1,98147524,356997000,6139000,1.9418319712273129,350858000
2022-12-31,1322669000,211560000,2023-02-01,2.24,2.17,98640000,371807000,8163000,2.1447688564476888,363644000
2023-03-31,1093468000,223610000,2023-05-03,2.53,2.47,97911100,477330000,8210000,2.283806432569954,469120000
2023-06-30,1326406000,215260000,2023-07-26,2.61,2.57,96251000,326811000,17419000,2.236444296682632,309392000
2023-09-30,1384118000,257083000,2023-10-25,2.71,2.65,95818000,286887000,10820000,2.68303450291177,276067000
2023-12-31,1415691000,274802000,2024-02-07,2.8,2.73,95464000,391397000,13104000,2.878592977457471,378293000
2024-03-31,1416139000,254217000,2024-04-22,2.78,2.79,95114515,350806000,9106000,2.67274663598926,341700000
2024-06-30,1440246000,258355000,2024-07-24,2.97,2.91,93865606,374117000,17632000,2.752392606936347,356485000
2024-09-30,1455407000,302994000,2024-10-23,3.49,3.06,88087000,340590000,29309000,3.4397130110004883,311281000
2024-12-31,1466277000,255196000,2025-02-05,3.14,3.12,84749000,336927000,14998000,3.0111977722451004,321929000
2025-03-31,1480422000,254563000,2025-04-30,3.07,3.24,84480000,431887000,11746000,3.013293087121212,420141000
2025-06-30,1481287000,252749000,2025-07-23,3.27,3.25,82793000,307926000,12941000,3.052782240044448,294985000
2025-09-30,1512988000,387843000,2025-10-22,4.81,4.51,82015000,305977000,97292000,4.728927635188685,208685000
