fiscalDateEnding,totalRevenue,netIncome,reportedDate,reportedEPS,estimatedEPS,commonStockSharesOutstanding,operatingCashflow,capitalExpenditures,eps_computed_simple,freeCashFlow
2023-12-31,0,371527000,2024-03-26,2.9563,,133609500,833000,0,2.7806929896451975,833000
2024-03-31,0,109987000,2024-05-14,1.23,0.81,140180000,-11822000,25166000,0.7846126408902839,-36988000
2024-06-30,8882891000,-98846000,2024-08-01,-0.52,-0.09,122305000,-3264000,4570000,-0.8081926331711704,-7834000
2024-09-30,8570657000,-16429000,2024-11-07,-0.1311,-0.0525,125376000,-3539000,3382000,-0.1310378381827463,-6921000
2024-12-31,0,34721000,2025-03-28,1.31,0.6,125376000,77000,0,0.2769349795814191,77000
2025-03-31,12976206000,-295432000,2025-05-13,-0.86,0.15,125376000,159413000,91642000,-2.356368044920878,67771000
2025-06-30,8661555000,25936000,2025-08-05,0.08,0.28,371717071,169876000,304817000,0.06977349716607446,-134941000
2025-09-30,28401871000,505057000,2025-10-21,1.01,0.312,2214638090,427659000,238050000,0.2280539661448702,189609000
