fiscalDateEnding,totalRevenue,netIncome,reportedDate,reportedEPS,estimatedEPS,commonStockSharesOutstanding,operatingCashflow,capitalExpenditures,eps_computed_simple,freeCashFlow
2012-06-30,95977000,19001000,2012-08-29,0.2511,,90388441,12029000,5536000,0.2102149322389574,6493000
2012-09-30,94764000,16487000,2012-11-01,0.18,0.19,92697000,22189000,5183000,0.177859046139573,17006000
2012-12-31,100536000,20767000,2013-02-27,0.22,0.19,93456000,19450000,7652000,0.2222115219996576,11798000
2013-03-31,105018000,19891000,2013-05-02,0.21,0.2,93573000,18276000,6772000,0.2125720026075898,11504000
2013-06-30,107009000,7426000,2013-08-01,0.21,0.2,93970000,8980000,6184000,0.07902522081515377,2796000
2013-09-30,107187000,20310000,2013-10-30,0.22,0.19,94422000,33557000,5519000,0.21509817627247887,28038000
2013-12-31,115245000,20985000,2014-02-26,0.25,0.22,94629000,32658000,5205000,0.22176077101100086,27453000
2014-03-31,114210000,21139000,2014-04-29,0.24,0.22,95172000,29232000,6164000,0.2221136468709284,23068000
2014-06-30,113573000,20647000,2014-08-05,0.23,0.23,95480000,12350000,6067000,0.2162442396313364,6283000
2014-09-30,117787000,23061000,2014-10-30,0.24,0.21,95475000,35645000,3428000,0.24153967007069913,32217000
2014-12-31,128801000,27638000,2015-02-25,0.3,0.25,95670000,1945000,9095000,0.28888888888888886,-7150000
2015-03-31,131604000,24648000,2015-05-05,0.26,0.24,95905000,34670000,7228000,0.25700432719879046,27442000
2015-06-30,133570000,24054000,2015-07-30,0.25,0.25,96049000,13161000,17898000,0.2504346739684952,-4737000
2015-09-30,136992000,26481000,2015-11-03,0.28,0.25,96119000,30046000,11480000,0.27550224201250534,18566000
2015-12-31,142587000,37601000,2016-02-24,0.32,0.3,96214000,44080000,14154000,0.39080591182156443,29926000
2016-03-31,139264000,28010000,2016-05-03,0.29,0.28,96293000,55047000,9366000,0.2908830340730894,45681000
2016-06-30,137489000,25806000,2016-07-26,0.29,0.29,96426000,23016000,10776000,0.2676249144421629,12240000
2016-09-30,135651000,26227000,2016-11-08,0.29,0.29,96492000,41934000,6559000,0.27180491646975913,35375000
2016-12-31,151590000,24298000,2017-02-27,0.31,0.33,96513000,51896000,14208000,0.25175883041662783,37688000
2017-03-31,155809000,28714000,2017-05-03,0.32,0.31,97148000,53449000,11533000,0.29556964631284227,41916000
2017-06-30,152390000,28667000,2017-08-02,0.32,0.3,97818000,25976000,13528000,0.29306467112392404,12448000
2017-09-30,151744000,25591000,2017-11-08,0.3,0.3,97849000,35273000,12817000,0.26153563143210456,22456000
2017-12-31,176034000,24376000,2018-02-21,0.38,0.35,98726000,44837000,13425000,0.24690557705163788,31412000
2018-03-31,174411000,39538000,2018-05-02,0.41,0.36,100496000,52295000,12374000,0.3934285941729024,39921000
2018-06-30,173384000,44977000,2018-08-01,0.44,0.35,101510000,33269000,14793000,0.4430794995566939,18476000
2018-09-30,169236000,35208000,2018-11-08,0.39,0.32,101804000,51788000,15371000,0.3458410278574516,36417000
2018-12-31,195938000,36750000,2019-02-21,0.43,0.39,101627000,44291000,17159000,0.3616164995522843,27132000
2019-03-31,182947000,33210000,2019-05-02,0.36,0.41,101367000,39203000,28155000,0.32762141525348487,11048000
2019-06-30,194539000,38163000,2019-08-01,0.41,0.41,101582000,22597000,14740000,0.37568663739638913,7857000
2019-09-30,196215000,38307000,2019-11-06,0.43,0.42,102100000,55866000,12062000,0.37519098922624877,43804000
2019-12-31,211667000,45529000,2020-02-20,0.49,0.52,102933000,54309000,15793000,0.44231684688098083,38516000
2020-03-31,190577000,25949000,2020-05-07,0.29,0.38,102146000,42293000,22314000,0.25403833728192976,19979000
2020-06-30,148922000,-20837000,2020-08-05,0.07,-0.11,97509000,23068000,9956000,-0.2136930949963593,13112000
2020-09-30,216098000,44216000,2020-10-28,0.49,0.3,100485000,53248000,17325000,0.4400258745086331,35923000
2020-12-31,233445000,52957000,2021-02-17,0.58,0.51,101414000,80184000,14063000,0.5221862859171318,66121000
2021-03-31,227344000,45329000,2021-05-04,0.49,0.37,102420000,63570000,13672000,0.44257957430189415,49898000
2021-06-30,251016000,41545000,2021-08-04,0.56,0.44,103475000,59189000,8386000,0.401497946363856,50803000
2021-09-30,229721000,47211000,2021-11-04,0.5,0.45,104418000,77262000,17795000,0.45213468942136414,59467000
2021-12-31,250021000,15106000,2022-02-17,0.49,0.47,104192000,76253000,17045000,0.1449823402948403,59208000
2022-03-31,230549000,38084000,2022-05-10,0.42,0.47,104077000,44690000,19971000,0.36592138512831845,24719000
2022-06-30,263648000,54590000,2022-08-04,0.56,0.53,102884000,36883000,23753000,0.5305975661910501,13130000
2022-09-30,254148000,47431000,2022-11-08,0.5,0.52,101417000,32920000,11983000,0.46768293284163404,20937000
2022-12-31,274498000,50065000,2023-02-21,0.59,0.56,102209000,63975000,18340000,0.4898296627498557,45635000
2023-03-31,276688000,49129000,2023-05-04,0.53,0.51,102196000,53313000,15991000,0.48073310109984735,37322000
2023-06-30,291615000,57712000,2023-08-03,0.63,0.59,101782000,35028000,17868000,0.5670157788214026,17160000
2023-09-30,383639000,998000,2023-11-07,0.57,0.57,115245000,50484000,21534000,0.008659811705496985,28950000
2023-12-31,616534000,15034000,2024-02-20,0.6,0.61,139021000,104674000,22881000,0.10814193539105603,81793000
2024-03-31,606666000,-7117000,2024-05-07,0.72,0.57,135358000,52387000,28568000,-0.05257908657042805,23819000
2024-06-30,629691000,31760000,2024-08-06,0.75,0.68,136979000,54258000,27798000,0.23186035815708977,26460000
2024-09-30,625705000,51836000,2024-11-05,0.83,0.65,138062000,203654000,41952000,0.3754545059466037,161702000
2024-12-31,657293000,26505000,2025-02-18,0.84,0.7486,139711000,210339000,17111000,0.18971305051141285,193228000
2025-03-31,598121000,75462000,2025-05-08,0.68,0.74,139774000,177300000,41103000,0.5398858156738735,136197000
2025-06-30,745342000,202846000,2025-08-07,0.86,0.75,136499000,77865000,46562000,1.4860621689536186,31303000
2025-09-30,769048000,118966000,2025-11-04,1.18,0.77,135394000,249695000,30817000,0.8786652288875431,218878000
