fiscalDateEnding,totalRevenue,netIncome,reportedDate,reportedEPS,estimatedEPS,commonStockSharesOutstanding,operatingCashflow,capitalExpenditures,eps_computed_simple,freeCashFlow
2005-09-30,1570169000,21626000,2005-11-01,0.88,0.88,24571000,44417000,16746000,0.880143258312645,27671000
2005-12-31,1425361000,16154000,2006-02-23,0.65,0.54,24229000,266642000,13549000,0.6667216971397911,253093000
2006-03-31,1417566000,22311000,2006-05-02,0.91,0.68,24453000,-14807000,15318000,0.9124033860875966,-30125000
2006-06-30,1557046000,24872000,2006-08-01,1.0,0.96,24840000,69195000,14760000,1.0012882447665057,54435000
2006-09-30,1601812000,26420000,2006-10-31,1.1,1.02,24009000,73013000,20555000,1.1004206755799908,52458000
2006-12-31,1507061000,14787000,2007-02-21,0.67,0.77,24446000,-73957000,20917000,0.6048842346396138,-94874000
2007-03-31,1522738000,17447000,2007-04-26,0.82,0.86,24081000,-84149000,22882000,0.7245131016153814,-107031000
2007-06-30,1646277000,24216000,2007-07-31,1.03,0.98,23888000,47569000,32953000,1.0137307434695244,14616000
2007-09-30,1661305000,20816000,2007-10-30,0.95,1.12,23229000,128692000,63186000,0.8961212277756253,65506000
2007-12-31,1529365000,5473000,2008-02-26,0.7,0.61,23406000,-85618000,27676000,0.23382893275228575,-113294000
2008-03-31,1529445000,16376000,2008-04-29,0.73,0.68,22548000,-22833000,84249000,0.7262728401632074,-107082000
2008-06-30,1583115000,17216000,2008-07-29,0.84,0.7,22661000,91292000,30745000,0.7597193416001059,60547000
2008-09-30,1433974000,-20571000,2008-10-28,0.42,0.43,22551000,121209000,15289000,-0.9121990155647199,105920000
2008-12-31,1133735000,-44514000,2009-02-19,0.08,0.05,22704000,-19295000,12551000,-1.9606236786469344,-31846000
2009-03-31,1019817000,8375000,2009-04-28,0.2,0.14,22704000,217502000,6980000,0.36887773079633546,210522000
2009-06-30,1108755000,10082000,2009-07-28,0.44,0.33,23288000,108711000,2381000,0.4329268292682927,106330000
2009-09-30,1246719000,18340000,2009-10-27,0.71,0.69,23503000,138559000,2350000,0.780325915840531,136209000
2009-12-31,1150416000,-1952000,2010-02-11,0.43,0.44,24538000,-110098000,9849000,-0.07955008558154698,-119947000
2010-03-31,1191153000,7981000,2010-04-27,0.44,0.42,24538000,-20082000,2998000,0.325250631673323,-23080000
2010-06-30,1418509000,12769000,2010-07-27,0.75,0.65,23638000,-35969000,10678000,0.5401895253405533,-46647000
2010-09-30,1461755000,18985000,2010-10-26,0.84,0.75,23729000,3866000,9023000,0.8000758565468414,-5157000
2010-12-31,1268963000,10569000,2011-02-10,0.64,0.62,24021000,-16281000,46417000,0.43999000874235045,-62698000
2011-03-31,1409302000,15362000,2011-04-26,0.67,0.62,24021000,54455000,15306000,0.6395237500520378,39149000
2011-06-30,1427626000,24683000,2011-07-26,1.06,0.81,22651000,145919000,8166000,1.0897090636175004,137753000
2011-09-30,1518893000,21494000,2011-10-25,1.04,0.96,22778000,100744000,21580000,0.9436298182456756,79164000
2011-12-31,1572448000,20855000,2012-02-09,0.94,0.87,21629000,-101802000,15506000,0.9642147117296223,-117308000
2012-03-31,1664745000,23117000,2012-04-26,0.97,0.88,22532000,-9450000,17617000,1.0259630747381503,-27067000
2012-06-30,1895826000,28625000,2012-07-26,1.25,1.16,22744000,-36271000,20817000,1.2585736897643334,-57088000
2012-09-30,1976572000,31335000,2012-10-25,1.32,1.32,22458000,38430000,29443000,1.3952711728559979,8987000
2012-12-31,2131087000,17132000,2013-02-19,0.99,1.19,24366000,-68031000,20614000,0.7031108922268735,-88645000
2013-03-31,1963832000,22118000,2013-05-02,1.16,1.03,24113000,61926000,19971000,0.9172645460954671,41955000
2013-06-30,2335110000,37388000,2013-07-25,1.52,1.41,24980000,25382000,27329000,1.4967173738991193,-1947000
2013-09-30,2340147000,32765000,2013-10-24,1.2,1.43,26342000,41658000,16590000,1.2438311441803964,25068000
2013-12-31,2279492000,21721000,2014-02-05,1.08,1.08,26775000,-76594000,38968000,0.8112418300653594,-115562000
2014-03-31,2260863000,31303000,2014-04-24,1.19,1.04,25428000,133192000,27095000,1.2310445178543339,106097000
2014-06-30,2511638000,16862000,2014-07-24,1.47,1.63,26242000,-2259000,41631000,0.642557731880192,-43890000
2014-09-30,2626448000,26162000,2014-10-23,1.57,1.44,24432000,140903000,22619000,1.0708087753765554,118284000
2014-12-31,2538940000,18677000,2015-02-05,1.67,1.34,23466000,-73548000,59047000,0.7959174976561834,-132595000
2015-03-31,2432854000,35815000,2015-04-28,1.47,1.39,24378000,58167000,23157000,1.4691525145623103,35010000
2015-06-30,2726480000,46310000,2015-07-23,1.98,1.81,24259000,22408000,25329000,1.9089822333979143,-2921000
2015-09-30,2800569000,45261000,2015-10-27,1.91,1.88,24062000,150293000,29853000,1.8810157094173385,120440000
2015-12-31,2672602000,-33386000,2016-02-11,1.51,1.8,23615000,-89821000,41913000,-1.413762439127673,-131734000
2016-03-31,2608355000,34291000,2016-04-27,1.59,1.49,23374000,116075000,33702000,1.4670574142209292,82373000
2016-06-30,2782449000,46580000,2016-07-28,2.16,2.09,21962000,56792000,36570000,2.120936162462435,20222000
2016-09-30,2823176000,35366000,2016-10-20,1.96,2.1,21450000,213745000,55420000,1.6487645687645687,158325000
2016-12-31,2673632000,30828000,2017-02-02,1.74,1.67,21472000,-1755000,30829000,1.4357302533532041,-32584000
2017-03-31,2518829000,33939000,2017-04-28,1.53,1.7,21516000,69217000,46451000,1.5773842721695484,22766000
2017-06-30,2672195000,39133000,2017-07-27,1.87,2.0,21283000,-17055000,20815000,1.838697552036837,-37870000
2017-09-30,3012292000,29881000,2017-10-26,2.23,1.76,20949000,255182000,77044000,1.4263688004200679,178138000
2017-12-31,2920405000,110489000,2018-02-08,2.11,1.9,20261000,-110942000,71522000,5.4532846355066384,-182464000
2018-03-31,2860026000,35814000,2018-04-26,1.7,1.54,20307000,148782000,47948000,1.7636283055104152,100834000
2018-06-30,2943462000,56463000,2018-07-26,2.45,2.14,20046000,114324000,40282000,2.816671655193056,74042000
2018-09-30,2889100000,34800000,2018-10-25,2.47,2.33,19300000,94294000,29985000,1.8031088082901554,64309000
2018-12-31,2908812000,30718000,2019-02-05,2.31,2.32,18322000,-87437000,22818000,1.6765636939198778,-110255000
2019-03-31,2808400000,38600000,2019-04-25,2.06,1.84,17849334,127939000,41711000,2.162545672572433,86228000
2019-06-30,3005800000,49200000,2019-07-25,2.83,2.76,17930280,125009000,67500000,2.7439616113077987,57509000
2019-09-30,3118200000,38000000,2019-10-24,3.02,2.72,17978700,57900000,30400000,2.11361221890348,27500000
2019-12-31,3111400000,48100000,2020-02-05,3.01,2.71,18628208,60100000,52300000,2.5821055895446303,7800000
2020-03-31,2690800000,29800000,2020-05-05,1.66,1.33,17808261,44100000,31600000,1.6733806855144362,12500000
2020-06-30,2131300000,30200000,2020-07-30,3.77,0.68,17811613,644100000,28900000,1.6955230275887985,615200000
2020-09-30,3039700000,126400000,2020-10-29,6.97,6.15,17835549,24500000,18300000,7.086969960947095,6200000
2020-12-31,2990100000,100100000,2021-02-04,5.66,5.82,18090502,92700000,24400000,5.533290342081165,68300000
2021-03-31,2953900000,101900000,2021-04-29,5.57,4.43,18500000,239700000,37300000,5.508108108108108,202400000
2021-06-30,3625500000,191000000,2021-07-29,10.31,7.13,17829470,512800000,26500000,10.712601103678349,486300000
2021-09-30,3412800000,172100000,2021-10-28,9.62,9.09,17836255,365400000,24600000,9.64888649551153,340800000
2021-12-31,3262200000,87100000,2022-02-10,9.54,9.07,18000000,142100000,55200000,4.838888888888889,86900000
2022-03-31,3844400000,202900000,2022-04-27,10.92,9.43,17100000,215300000,33900000,11.865497076023392,181400000
2022-06-30,4145300000,195900000,2022-07-27,12.0,10.83,16000000,172400000,29100000,12.24375,143300000
2022-09-30,4163400000,195800000,2022-10-26,12.0,11.3,15200000,169600000,30300000,12.881578947368421,139300000
2022-12-31,4068900000,156900000,2023-01-25,10.86,10.66,14600000,52500000,62200000,10.746575342465754,-9700000
2023-03-31,4130000000,158500000,2023-04-26,10.93,9.72,13914727,143400000,35800000,11.390809176493365,107600000
2023-06-30,4558600000,170500000,2023-07-26,11.73,11.08,13817283,95600000,50900000,12.339618432943727,44700000
2023-09-30,4705100000,163900000,2023-10-25,12.07,11.48,13718728,153500000,50700000,11.947171778608046,102800000
2023-12-31,4480000000,108700000,2024-01-31,9.5,10.44,13700000,-202300000,48000000,7.934306569343065,-250300000
2024-03-31,4470500000,147900000,2024-04-24,9.53,9.38,13388769,198000000,63200000,11.04657194399276,134800000
2024-06-30,4696300000,138200000,2024-07-24,9.8,9.36,13294056,-124100000,39700000,10.395623427492708,-163800000
2024-09-30,5221400000,117300000,2024-10-30,9.91,9.87,13300000,232700000,49700000,8.819548872180452,183000000
2024-12-31,5546200000,94800000,2025-01-29,10.02,9.11,13279000,212600000,92500000,7.139091799081256,120100000
2025-03-31,5505300000,128100000,2025-04-24,10.2,9.67,13100000,158700000,52200000,9.778625954198473,106500000
2025-06-30,5703700000,140500000,2025-07-24,11.52,10.45,12800000,252400000,71700000,10.9765625,180700000
2025-09-30,5782700000,12900000,2025-10-29,10.45,11.07,12800000,155000000,68300000,1.0078125,86700000
