fiscalDateEnding,totalRevenue,netIncome,reportedDate,reportedEPS,estimatedEPS,commonStockSharesOutstanding,operatingCashflow,capitalExpenditures,eps_computed_simple,freeCashFlow
2007-06-30,704133000.0,-287428,2007-08-13,-3.13,-2.04,738492,-1029455,41569755,-0.3892093617804932,-42599210
2007-09-30,,-967868,2007-11-07,-0.78,-1.64,1104700,-1583628,58690802,-0.8761365076491355,-60274430
2007-12-31,,-1011964,2008-03-11,-0.91,-1.55,1104700,-1404888,40668866,-0.9160532271204852,-42073754
2008-03-31,-1645000.0,-1778000,2008-05-12,-1.57,-1.14,1110759,-2181000,41857000,-1.6007072641320035,-44038000
2008-06-30,292000.0,948000,2008-08-13,0.39,-1.4,1103798,-34968000,1608000,0.8588527973415425,-36576000
2008-09-30,90549000.0,-33148000,2008-11-13,-28.46,-13.18,1102855,-37393000,1493000,-30.056535083941224,-38886000
2008-12-31,89026000.0,-6886000,2009-03-27,-5.61,-2.87,1102855,-16521000,1298000,-6.243794515144783,-17819000
2009-03-31,97494000.0,-7710000,2009-05-18,-4.726,,1631588,-6752000,10792000,-4.725457652299478,-17544000
2009-06-30,106464000.0,-6534000,2009-08-14,-3.8622,,1691988,-4067000,965000,-3.861729515812169,-5032000
2009-09-30,91138000.0,-6234000,2009-11-13,-3.5245,,1768992,125000,813000,-3.5240408096814457,-688000
2009-12-31,120418000.0,6848000,2010-03-30,3.97,,1768992,1313000,1740000,3.871131130044681,-427000
2010-03-31,100887000.0,-8154000,2010-05-14,-4.4382,,1837440,11873000,1467000,-4.43769592476489,10406000
2010-06-30,96398000.0,-9405000,2010-08-16,-5.099,,1844691,-1391000,2432000,-5.098414856471897,-3823000
2010-09-30,114747000.0,-1377000,2010-11-11,-0.9528,,1845271,1306000,280000,-0.7462318542913209,1026000
2010-12-31,141384000.0,-1047000,2011-03-29,-0.5681,,1845271,1079000,397000,-0.5673963336550566,682000
2011-03-31,158005000.0,-7662000,2011-05-12,-1.4822,,5169935,3542000,205000,-1.4820302382911972,3337000
2011-06-30,168531000.0,-7042000,2011-08-12,-0.9515,,7401677,4547000,710000,-0.9514060124482601,3837000
2011-09-30,162547000.0,2194000,2011-11-10,0.246,,8921458,6024000,1152000,0.2459239285775935,4872000
2011-12-31,163990000.0,3793000,2012-03-02,0.5525,,7424518,9454000,776000,0.510874914708268,8678000
2012-03-31,139413000.0,-9408000,2012-05-11,-1.2624,,7453884,330000,581000,-1.2621607741682055,-251000
2012-06-30,122820000.0,-10582000,2012-08-10,-1.4125,,7493038,708000,16000,-1.4122442726167945,692000
2012-09-30,116149000.0,-9830000,2012-11-14,-1.2977,,7575698,1679000,9000,-1.297570204092085,1670000
2013-03-31,89041000.0,-4635000,2013-05-15,-0.6022,,7697512,819000,499000,-0.6021426143928064,320000
2013-06-30,91031000.0,-4124000,2013-08-14,-0.5324,,7746818,2221000,575000,-0.5323476038807159,1646000
2013-09-30,79048000.0,-4461000,2013-11-12,-0.5759,,7746823,7085000,950000,-0.5758489641495617,6135000
2014-03-31,100000.0,-711000,2014-05-08,-0.0901,,7891836,-2757000,256000,-0.09009310381006397,-3013000
2014-06-30,56000.0,-2750000,2014-08-14,-0.3484,,7893286,-2061000,619000,-0.348397359477409,-2680000
2014-09-30,11000.0,-604000,2014-10-22,-0.1107,,7912143,-973000,342000,-0.07633835738307561,-1315000
2015-03-31,58452000.0,4018000,2015-05-13,0.1282,,31346000,-10389000,361000,0.12818222420723538,-10750000
2015-06-30,71987000.0,3788000,2015-08-12,0.1,,31353000,-1322000,317000,0.12081778458201767,-1639000
2015-09-30,75198000.0,2826000,2015-11-12,0.1,0.05,48595000,-9775000,320000,0.0581541310834448,-10095000
2015-12-31,85508000.0,4693000,2016-03-10,0.16,0.06,48495000,-26085000,691000,0.09677286318177132,-26776000
2016-03-31,69958000.0,3094000,2016-05-09,0.09,0.04,48814000,-17301000,7000,0.06338345556602613,-17308000
2016-06-30,98936000.0,6743000,2016-08-08,0.14,0.08,48894000,9469000,157000,0.1379105820755103,9312000
2016-09-30,91670000.0,6243000,2016-11-07,0.13,0.11,48907000,-20624000,179000,0.12765043858752326,-20803000
2016-12-31,119764000.0,7676000,2017-03-13,0.16,0.14,48930000,21401000,115000,0.15687717146944616,21286000
2017-03-31,99337000.0,6197000,2017-05-08,0.13,0.1,49017000,16550000,115000,0.1264255258379746,16435000
2017-06-30,104951000.0,7689000,2017-08-07,0.16,0.16,49123000,-12883000,0,0.15652545650713515,-12883000
2017-09-30,113706000.0,9280000,2017-11-06,0.19,0.15,49892000,-27281000,27000,0.18600176380982922,-27308000
2017-12-31,136380000.0,-8196000,2018-03-12,0.21,0.21,50681000,4802000,122000,-0.16171740889090586,4680000
2018-03-31,128265000.0,11203000,2018-05-07,0.22,0.2,50718000,-20371000,601000,0.2208880476359478,-20972000
2018-06-30,155010000.0,14869000,2018-08-06,0.29,0.27,50783000,8070000,577000,0.2927948329165272,7493000
2018-09-30,149992000.0,12197000,2018-11-05,0.24,0.29,50778000,-26024000,589000,0.24020244987986925,-26613000
2018-12-31,185120000.0,13354000,2019-03-04,0.29,0.26,50723000,-1151000,1444000,0.26327307138773337,-2595000
2019-03-31,168628000.0,12605000,2019-05-02,0.26,0.2,50605000,-9231000,571000,0.24908605868985279,-9802000
2019-06-30,183506000.0,14460000,2019-08-08,0.29,0.24,50724000,-11563000,572000,0.28507215519280815,-12135000
2019-09-30,209404000.0,15671000,2019-11-07,0.31,0.27,50597000,-445000,695000,0.3097219202719529,-1140000
2019-12-31,230122000.0,15920000,2020-03-03,0.31,0.29,50619000,-823999,731000,0.31450641063632234,-1554999
2020-03-31,213267000.0,15917000,2020-05-11,0.31,0.24,50646000,1162000,1054000,0.3142795087469889,108000
2020-06-30,232833000.0,33647000,2020-08-04,0.66,0.42,50692000,37843000,126000,0.663753649491044,37717000
2020-09-30,275821000.0,34819000,2020-10-29,0.68,0.43,50876000,25123000,558000,0.6843894960295621,24565000
2020-12-31,254100000.0,29310000,2021-03-08,0.58,0.63,50967000,-28998000,1160000,0.5750779916416505,-30158000
2021-03-31,234479000.0,25969000,2021-05-04,0.51,0.49,50993000,-8013000,740000,0.5092659776832115,-8753000
2021-06-30,373806000.0,52263000,2021-08-03,1.02,0.85,51064000,-110692000,737000,1.023480338398872,-111429000
2021-09-30,342340000.0,48507000,2021-11-02,0.95,1.05,51079000,4204000,303000,0.9496466258149141,3901000
2021-12-31,452251000.0,63471000,2022-03-01,1.24,1.16,51104000,22117000,243000,1.241996712586099,21874000
2022-03-31,393616000.0,61577000,2022-05-03,1.2,0.85,50924000,-13994000,448000,1.2091940931584322,-14442000
2022-06-30,525144000.0,101256000,2022-08-03,2.08,1.24,48384000,63414000,624000,2.0927579365079363,62790000
2022-09-30,407944000.0,73520000,2022-11-02,1.57,1.38,46390000,-18080000,277000,1.5848243155852555,-18357000
2022-12-31,431089000.0,55547000,2023-02-27,1.18,1.14,46332000,59336000,663000,1.1988906155572823,58673000
2023-03-31,452061000.0,64180000,2023-05-03,1.37,0.66,46351000,154707000,1581000,1.3846518953204894,153126000
2023-06-30,456289000.0,75270000,2023-08-02,1.63,1.15,45755000,55461000,1271000,1.6450661129931154,54190000
2023-09-30,418978000.0,72156000,2023-10-31,1.56,1.45,45792000,22531000,1937000,1.575733752620545,20594000
2023-12-31,450382000.0,73020000,2024-02-29,1.58,1.77,45635000,-19357000,3013000,1.6000876520214748,-22370000
2024-03-31,447338000.0,83301000,2024-05-01,1.82,1.51,45430000,1016999,941999,1.833612150561303,75000
2024-06-30,560631000.0,105358000,2024-07-31,2.32,1.77,45154000,2162000,1382000,2.333303804757054,780000
2024-09-30,523660000.0,89111000,2024-10-30,1.98,2.07,44530000,-6201000,1158000,2.001145295306535,-7359000
2024-12-31,567314000.0,103813000,2025-02-26,2.31,2.14,44839000,28934000,883000,2.315238966078637,28051000
2025-03-31,497621000.0,75059000,2025-04-29,1.67,1.51,44508000,68747000,713000,1.6864159252269255,68034000
2025-06-30,549147000.0,81948000,2025-07-29,1.85,2.01,43824000,74713000,687000,1.869934282584885,74026000
2025-09-30,499091000.0,77853000,2025-11-04,1.77,1.46,43632000,-10193000,1824000,1.7843096809680967,-12017000
