fiscalDateEnding,totalRevenue,netIncome,reportedDate,reportedEPS,estimatedEPS,commonStockSharesOutstanding,operatingCashflow,capitalExpenditures,eps_computed_simple,freeCashFlow
2005-09-30,5471000000,1207000000,2005-10-27,0.95,0.96,2272000000,1719000000,270000000,0.53125,1449000000
2005-12-31,5902184000,1120637000,2006-02-08,0.86,0.81,2263200000,1621890000,162541480,0.4951559738423471,1459348520
2006-03-31,5806331280,1500486720,2006-04-27,1.1506,,2287600000,1696000000,267000000,0.6559218045112782,1429000000
2006-06-30,5813355560,1315608580,2006-07-26,1.0494,,2291200000,1035000000,342000000,0.5742006721368715,693000000
2006-09-30,5642000000,1391000000,2006-10-26,1.1417,,2262400000,-113000000,442000000,0.6148338048090524,-555000000
2006-12-31,5951530080,1179377550,2007-02-08,1.0,1.05,2239600000,1737838940,538416740,0.5266018708697981,1199422200
2007-03-31,5592000000,1514000000,2007-04-25,1.33,1.31,2264800000,1530000000,708000000,0.6684916990462734,822000000
2007-06-30,5674000000,1333000000,2007-07-25,1.18,1.18,2239600000,1237000000,401000000,0.5951955706376139,836000000
2007-09-30,5475160810,1310010800,2007-10-24,1.19,1.19,2239019510,1742000000,424000000,0.5850823515155524,1318000000
2007-12-31,5996649500,1061987500,2008-02-07,1.25,1.05,2220123598,1657977500,612079500,0.47834611593547866,1045898000
2008-03-31,5686000000,1307000000,2008-04-23,1.1981,,2160330578,1761000000,315000000,0.6050000001434965,1446000000
2008-06-30,5874000000,1286000000,2008-07-23,1.2019,,2108800000,1130000000,466000000,0.6098254931714719,664000000
2008-09-30,5882000000,1027000000,2008-10-22,0.9445,,2058400000,2176000000,503000000,0.4989312087057909,1673000000
2008-12-31,6910000000,1017000000,2009-02-05,0.7518,,2043781094,2138000000,785000000,0.4976071082101907,1353000000
2009-03-31,6769000000,1131000000,2009-04-22,0.7955,,2043200000,1736000000,388000000,0.5535434612372748,1348000000
2009-06-30,6747000000,1435000000,2009-07-22,1.1102,,2042800000,1763000000,462000000,0.7024672018797729,1301000000
2009-09-30,6758000000,1335000000,2009-10-28,1.0717,,2043200000,2081000000,382000000,0.6533868441660141,1699000000
2009-12-31,8094000000,1630000000,2010-02-04,1.3009,,2028000000,2261000000,641000000,0.8037475345167653,1620000000
2010-03-31,7357000000,1340000000,2010-04-28,1.0116,,2049600000,2122000000,326000000,0.6537861046057767,1796000000
2010-06-30,7025000000,-304000000,2010-07-21,-0.2214,,2050400000,2116000000,346000000,-0.148263753413968,1770000000
2010-09-30,6813000000,1288000000,2010-10-21,0.9797,,2050400000,1094000000,517000000,0.6281701131486539,577000000
2010-12-31,7197000000,-690000000,2011-02-03,-0.5309,,2034400000,1465000000,446000000,-0.3391663389697208,1019000000
2011-03-31,6585000000,1525000000,2011-04-27,1.19,1.24,2055600000,987000000,269000000,0.7418758513329442,718000000
2011-06-30,6720000000,1106000000,2011-07-26,0.89,0.96,2048000000,1289000000,307000000,0.5400390625,982000000
2011-09-30,7104000000,1378000000,2011-10-26,1.13,1.16,2023600000,1828000000,287000000,0.6809646175133426,1541000000
2011-12-31,6978000000,1252000000,2012-02-07,0.98,0.83,2010400000,2146000000,465000000,0.6227616394747314,1681000000
2012-03-31,6640000000,1308000000,2012-04-25,1.06,1.14,2014000000,1012000000,255000000,0.6494538232373386,757000000
2012-06-30,6462000000,1238000000,2012-07-25,1.04,1.08,1998400000,1737000000,359000000,0.6194955964771818,1378000000
2012-09-30,6527000000,1105000000,2012-10-31,0.8911,,1988800000,-288000000,383000000,0.5556114239742558,-671000000
2012-12-31,6802000000,864000000,2013-02-06,1.3,0.9,1965200000,1914000000,523000000,0.4396499084062691,1391000000
2013-03-31,6471000000,961000000,2013-04-24,0.7687,,1938800000,1247000000,317000000,0.49566742314833917,930000000
2013-06-30,6618000000,1045000000,2013-07-24,0.8155,,1967200000,1711000000,425000000,0.5312118747458316,1286000000
2013-09-30,6510000000,969000000,2013-10-23,0.7626,,1969200000,2077000000,459000000,0.49207800121876905,1618000000
2013-12-31,6906000000,2461000000,2014-02-05,1.21,1.2,1952400000,2187000000,500000000,1.260499897561975,1687000000
2014-03-31,5613000000,668000000,2014-04-30,0.5704,,1946400000,927000000,349000000,0.34319769831483765,578000000
2014-06-30,5561000000,654000000,2014-07-23,0.5676,,1949600000,766000000,394000000,0.33545342634386544,372000000
2014-09-30,5646000000,401000000,2014-10-22,1.16,0.5,1946000000,1273000000,422000000,0.20606372045220966,851000000
2014-12-31,6186000000,1033000000,2015-02-04,0.673,,1944000000,2210000000,586000000,0.5313786008230452,1624000000
2015-03-31,5622000000,8089000000,2015-05-06,5.0275,,1944400000,370000000,365000000,4.1601522320510185,5000000
2015-06-30,5888000000,149000000,2015-07-29,0.0945,,1949600000,217000000,415000000,0.0764259335248256,-198000000
2015-09-30,6127000000,538000000,2015-10-28,0.88,0.73,1950800000,481000000,443000000,0.27578429362312895,38000000
2015-12-31,6286000000,-354000000,2016-02-03,0.69,0.61,1935200000,1501000000,678000000,-0.18292682926829268,823000000
2016-03-31,6229000000,282000000,2016-04-27,0.69,0.65,1956000000,503000000,619000000,0.1441717791411043,-116000000
2016-06-30,6532000000,-435000000,2016-07-27,0.86,0.69,1943600000,1236000000,477000000,-0.22381148384441243,759000000
2016-09-30,7542000000,808000000,2016-10-26,1.06,0.93,1960800000,1767000000,495000000,0.4120767033863729,1272000000
2016-12-31,7586000000,257000000,2017-02-08,0.81,0.8,1966000000,2991000000,761000000,0.13072227873855544,2230000000
2017-03-31,7384000000,1046000000,2017-04-26,0.79,0.79,1967200000,1144000000,416000000,0.5317202114680765,728000000
2017-06-30,7320000000,-180000000,2017-07-26,0.88,0.86,1954800000,1008000000,612000000,-0.09208103130755065,396000000
2017-09-30,7843000000,1212000000,2017-10-25,1.06,1.04,1974000000,1897000000,496000000,0.6139817629179332,1401000000
2017-12-31,7639000000,-546000000,2018-02-07,0.89,0.84,1956400000,2869000000,678000000,-0.27908403189531794,2191000000
2018-03-31,7222000000,549000000,2018-04-25,0.86,0.86,1978000000,863000000,355000000,0.2775530839231547,508000000
2018-06-30,7310000000,441000000,2018-07-25,0.99,0.98,1984400000,1362000000,375000000,0.22223342068131424,987000000
2018-09-30,8092000000,1418000000,2018-10-31,1.15,1.1,1988800000,2077000000,431000000,0.7129927594529365,1646000000
2018-12-31,8197000000,1215000000,2019-02-06,1.01,0.84,1991200000,4119000000,635000000,0.6101848131779831,3484000000
2019-03-31,7661000000,830000000,2019-05-01,0.98,0.81,1991200000,663000000,304000000,0.4168340699075934,359000000
2019-06-30,7809000000,964000000,2019-07-24,0.99,0.78,1996400000,1389000000,635000000,0.48286916449609296,754000000
2019-09-30,9385000000,1552000000,2019-10-30,1.19,1.06,2002800000,2515000000,459000000,0.774915118833633,2056000000
2019-12-31,8899000000,1299000000,2020-02-05,0.8,0.84,2008800000,3453000000,765000000,0.6466547192353644,2688000000
2020-03-31,9090000000,1565000000,2020-04-29,1.2,0.89,2004000000,965000000,344000000,0.780938123752495,621000000
2020-06-30,7624000000,2263000000,2020-07-29,0.57,0.64,2009200000,2760000000,402000000,1.1263189329086203,2358000000
2020-09-30,8646000000,1244000000,2020-10-28,1.25,1.0,2016000000,861000000,648000000,0.6170634920634921,213000000
2020-12-31,8739000000,677000000,2021-02-03,0.77,0.8,2016800000,4626559347,676270047,0.335680285600952,3950289300
2021-03-31,7418000000,1073000000,2021-04-28,0.79,0.76,2014800000,331000000,354000000,0.5325590629342862,-23000000
2021-06-30,5838000000,1395000000,2021-07-28,0.98,0.64,2019000000,1349830497,212991807,0.6909361069836553,1136838690
2021-09-30,6627000000,1368000000,2021-10-27,1.26,1.01,2027000000,3503836117,310468677,0.6748889985199803,3193367440
2021-12-31,9527000000,749000000,2022-02-09,0.86,0.81,2037600000,4702868153,504162843,0.36758932076953277,4198705310
2022-03-31,7190000000,1802000000,2022-04-29,1.09,0.93,2033000000,2542000000,570000000,0.8863748155435317,1972000000
2022-06-30,6929000000,838000000,2022-07-27,0.87,0.73,2032000000,1635000000,426000000,0.4124015748031496,1209000000
2022-09-30,7829000000,10821000000,2022-11-02,1.1,0.96,2044000000,1450363160,328149300,5.2940313111545985,1122213860
2022-12-31,7376000000,1461000000,2023-02-01,0.61,0.5,2045500000,1905000000,751000000,0.7142507944267905,1154000000
2023-03-31,6951000000,1490000000,2023-04-26,0.9,0.82,2042500000,53000000,529000000,0.7294981640146879,-476000000
2023-06-30,7178000000,1624000000,2023-07-26,0.97,0.87,2046500000,1307000000,535000000,0.7935499633520645,772000000
2023-09-30,8147000000,1464000000,2023-11-01,1.28,1.14,2056000000,2212000000,497000000,0.7120622568093385,1715000000
2023-12-31,8052000000,350000000,2024-01-31,0.72,0.76,2058823529,3618516824,587275594,0.170000000034,3031241230
2024-03-31,7363000000,1046000000,2024-05-01,1.09,0.91,2056500000,1190599417,314450107,0.5086311694626793,876149310
2024-06-30,7884000000,1173000000,2024-07-31,1.1,0.99,2061000000,1113000000,442000000,0.5691411935953421,671000000
2024-09-30,8012000000,-58000000,2024-10-30,1.29,1.16,2040000000,2154000000,842000000,-0.028431372549019607,1312000000
2024-12-31,8117000000,414000000,2025-02-05,0.58,0.49,2072500000,2329000000,1135000000,0.19975874547647768,1194000000
2025-03-31,7516000000,1624000000,2025-04-30,1.2,1.04,2068500000,1145000000,448000000,0.7851099830795262,697000000
2025-06-30,7986000000,1443000000,2025-07-30,1.24,1.11,2055000000,2096000000,633000000,0.7021897810218978,1463000000
2025-09-30,8547000000,2013000000,2025-10-29,1.4562,1.17,2051000000,3027580859,428372729,0.9814724524622136,2599208130
