fiscalDateEnding,totalRevenue,netIncome,reportedDate,reportedEPS,estimatedEPS,commonStockSharesOutstanding,operatingCashflow,capitalExpenditures,eps_computed_simple,freeCashFlow
2005-09-30,17768000,12766000,2005-10-31,0.5161,,24734000,13781000,0,0.5161316406565861,13781000
2005-12-31,18341000,11032000,2006-02-06,0.4459,,24717000,10664000,2000,0.4463324837156613,10662000
2006-03-31,18067000,10531000,2006-05-02,0.4256,,24745000,10817000,14254000,0.4255809254394827,-3437000
2006-06-30,18180000,11112000,2006-08-02,0.449,,24747000,11206000,1104000,0.4490241241362589,10102000
2006-09-30,18087000,11276000,2006-10-31,0.4553,,24764000,11884000,13853000,0.45533839444354707,-1969000
2006-12-31,18071000,9806000,2007-02-07,0.3957,,24765000,11944000,597000,0.3959620432061377,11347000
2007-03-31,17993000,10437000,2007-05-02,0.4211,,24785000,11053000,160840000,0.4211014726649183,-149787000
2007-06-30,20727000,10024000,2007-08-08,0.4044,,24787000,10901000,9913000,0.40440553515955946,988000
2007-09-30,20255000,12846000,2007-10-31,0.5182,,24792000,11688000,817000,0.5181510164569216,10871000
2007-12-31,19639000,587000,2008-02-06,0.4471,,24765000,10874000,1282000,0.023702806379971735,9592000
2008-03-31,20330000,11371000,2008-05-07,0.4588,,24768000,12610000,4745000,0.4591004521963824,7865000
2008-06-30,20249000,10636000,2008-07-30,0.4295,,24766000,11435000,1002000,0.4294597431963175,10433000
2008-09-30,20354000,10489000,2008-10-29,0.4234,,24773000,11999000,2207000,0.42340451297783877,9792000
2008-12-31,20331000,9315000,2009-02-11,0.376,,24766000,11540000,629000,0.37612048776548496,10911000
2009-03-31,19911000,9928000,2009-05-06,0.4009,,24766000,12208000,1950000,0.40087216344989096,10258000
2009-06-30,20254000,13605000,2009-08-05,0.5493,,24766000,13043000,3157000,0.5493418396188323,9886000
2009-09-30,20210000,12185000,2009-11-04,0.492,,24767000,14282000,50692000,0.4919853030241854,-36410000
2009-12-31,24267000,11331000,2010-02-19,0.4783,,24766000,12999000,1141000,0.4575224097553097,11858000
2010-03-31,22470000,11905000,2010-05-07,0.4806,,24769000,13831000,1500000,0.4806411239856272,12331000
2010-06-30,21742000,13959000,2010-08-03,0.51,0.43,27152000,14828000,3162000,0.5141057748968768,11666000
2010-09-30,21981000,13351000,2010-10-26,0.45,0.45,29944000,14246000,7000,0.4458656158161902,14239000
2010-12-31,22168000,12485000,2011-02-16,0.4169,,32502000,14018000,56000,0.38413020737185405,13962000
2011-03-31,25025000,11386000,2011-05-11,0.3503,,32504000,14932000,165393000,0.35029534826482894,-150461000
2011-06-30,27126000,15202000,2011-07-29,0.4552,,33395000,18379000,1201000,0.4552178469830813,17178000
2011-09-30,28067000,5350000,2011-11-01,0.1589,,33395000,19383000,881000,0.16020362329690074,18502000
2011-12-31,31584000,-19482000,2012-03-16,-0.5886,,33394000,8536000,770000,-0.5833982152482482,7766000
2012-03-31,31895000,6485000,2012-05-08,0.1942,,33394000,8257000,1288000,0.19419656225669282,6969000
2012-06-30,27475000,3626000,2012-08-02,0.1086,,33395000,2179000,3193000,0.10857912861206767,-1014000
2012-09-30,23112000,-3465000,2012-11-09,-0.1038,,33396000,1814000,1300000,-0.10375494071146245,514000
2012-12-31,24268000,5801000,2013-03-01,0.1729,,33396000,3635000,1654000,0.17370343753742964,1981000
2013-03-31,23807000,10350000,2013-05-03,0.3081,,33397000,6599000,197000,0.30990807557565053,6402000
2013-06-30,25102000,12739000,2013-08-08,0.3794,,33397000,3446000,72505000,0.3814414468365422,-69059000
2013-09-30,29258000,41877000,2013-11-05,1.25,0.19,33397000,28756000,651000,1.253915022307393,28105000
2013-12-31,26400000,5045000,2014-03-04,0.15,0.23,33397000,4877000,6179000,0.15106147258735814,-1302000
2014-03-31,24330000,9638000,2014-05-07,0.29,0.23,33397000,7968000,9000,0.2885887954007845,7959000
2014-06-30,25000000,6637000,2014-08-06,0.1967,0.25,33403000,5853000,2849000,0.19869472801844146,3004000
2014-09-30,24831000,10235000,2014-11-03,0.3033,,33417000,8580000,3579000,0.306281234102403,5001000
2014-12-31,25401000,-3092000,2015-03-04,-0.1,0.17,33417000,6836000,10801000,-0.09252775533411138,-3965000
2015-03-31,24701000,-1137000,2015-05-11,-0.04,0.22,33417000,6322000,1281000,-0.03402459825837149,5041000
2015-06-30,26242000,11619000,2015-08-10,0.34,0.39,33420000,17271000,2399000,0.3476660682226212,14872000
2015-09-30,29987000,7035000,2015-11-04,0.21,0.2,33422000,10762000,1700000,0.2104900963437257,9062000
2015-12-31,29790000,19893000,2016-03-09,0.59,0.56,33422000,15333000,908000,0.5952067500448807,14425000
2016-03-31,28427000,7703000,2016-05-04,0.23,0.27,33659000,9441000,292000,0.22885409548709112,9149000
2016-06-30,28608000,13576000,2016-08-04,0.4,0.21,33714000,9577000,1000,0.4026813786557513,9576000
2016-09-30,28511000,8804000,2016-10-26,0.26,0.27,33776000,13933000,1862000,0.2606584557081952,12071000
2016-12-31,29719000,8328000,2017-03-01,0.24,0.25,34074000,3923000,5991000,0.24440922697658038,-2068000
2017-03-31,27648000,9704000,2017-05-04,0.28,0.28,34555000,12948000,6350000,0.28082766603964693,6598000
2017-06-30,29037000,15106000,2017-07-26,0.43,0.27,34634000,8836000,12150000,0.43616099786337126,-3314000
2017-09-30,29464000,9340000,2017-10-25,0.24,0.3,38702000,18415000,301000,0.2413311973541419,18114000
2017-12-31,34002000,13036000,2018-02-28,0.33,0.28,39623000,16543000,127000,0.32900083284960757,16416000
2018-03-31,32116000,10032000,2018-05-08,0.25,0.31,39712000,17299000,66000,0.2526188557614827,17233000
2018-06-30,34242000,13540000,2018-07-25,0.33,0.31,39914000,13451000,2000,0.3392293430876384,13449000
2018-09-30,34694000,10944000,2018-10-24,0.27,0.32,40455000,15737000,810000,0.2705228031145717,14927000
2018-12-31,35054000,13190000,2019-02-26,0.32,0.33,40663000,16859000,2916000,0.3243735090868849,13943000
2019-03-31,34049000,10927000,2019-04-30,0.26,0.29,40891000,14655000,24000,0.26722261622361887,14631000
2019-06-30,34288000,13198000,2019-07-24,0.32,0.3,41049000,16905000,29487000,0.32151818558308365,-12582000
2019-09-30,36428000,11890000,2019-10-23,0.28,0.29,41176000,26434000,13000,0.28876044297649117,26421000
2019-12-31,35890000,13708000,2020-02-26,0.33,0.29,41302000,18780000,1000,0.33189676044743593,18779000
2020-03-31,35363000,12700000,2020-05-06,0.3,0.28,41391000,17874000,55773000,0.306829987195284,-37899000
2020-06-30,37004000,10973000,2020-07-22,0.26,0.28,41467000,14915000,23000,0.26462005932428195,14892000
2020-09-30,37903000,11884000,2020-10-21,0.27,0.27,42254000,20815000,143000,0.28125147914990295,20672000
2020-12-31,37076000,33831000,2021-02-23,0.81,0.29,43115000,29223000,116000,0.7846689087324596,29107000
2021-03-31,37280000,17927000,2021-04-28,0.4,0.29,43875000,19407000,176000,0.4085925925925926,19231000
2021-06-30,38678000,12890000,2021-07-28,0.28,0.3,44470000,20597000,38000,0.2898583314594108,20559000
2021-09-30,40096000,14011000,2021-10-27,0.3,0.3,45025000,18684000,57000,0.3111826762909495,18627000
2021-12-31,39354000,18032000,2022-02-23,0.38,0.28,45939000,28130000,271000,0.3925205163368815,27859000
2022-03-31,39321000,18749000,2022-04-27,0.39,0.26,46742000,20830000,17207000,0.4011167686449018,3623000
2022-06-30,41179000,30680000,2022-07-27,0.64,0.26,46756000,22579000,36991000,0.6561724698434426,-14412000
2022-09-30,41966000,13302000,2022-10-26,0.27,0.27,46779000,24462000,9090000,0.28435836593343167,15372000
2022-12-31,43123000,27312000,2023-02-22,0.57,0.29,46891000,25215000,82252000,0.5824571879465142,-57037000
2023-03-31,43020000,14082000,2023-04-26,0.28,0.28,47571000,22420000,141000,0.2960206848710349,22279000
2023-06-30,44698000,13524000,2023-07-26,0.26,0.3,49989000,26106000,73530000,0.2705395186941127,-47424000
2023-09-30,50486000,16033000,2023-10-25,0.31,0.31,50712000,25951000,44000,0.31615791134248306,25907000
2023-12-31,47642000,16512000,2024-02-15,0.3,0.31,52880000,30821000,124000,0.31225416036308623,30697000
2024-03-31,48970000,16723000,2024-04-25,0.3,0.28,53969000,29951000,182000,0.30986306953992104,29769000
2024-06-30,49937000,16711000,2024-07-24,0.3,0.3,54011000,29729000,168000,0.30939993704986024,29561000
2024-09-30,51467000,15335000,2024-10-23,0.27,0.31,54619000,34633000,208000,0.2807631044142148,34425000
2024-12-31,53016000,22295000,2025-02-12,0.39,0.31,55670000,36191000,320000,0.4004850008981498,35871000
2025-03-31,52330000,14786000,2025-04-23,0.262,0.3105,55191000,28677000,50000,0.2679059991665308,28627000
2025-06-30,53257000,14014000,2025-07-22,0.3843,0.3131,55443000,34735000,178000,0.2527641000667352,34557000
2025-09-30,55591000,23348000,2025-10-22,0.4,0.3115,55906000,30535000,110000,0.4176295925303187,30425000
