fiscalDateEnding,totalRevenue,netIncome,reportedDate,reportedEPS,estimatedEPS,commonStockSharesOutstanding,operatingCashflow,capitalExpenditures,eps_computed_simple,freeCashFlow
2005-09-30,1428342000,88109000,2005-10-17,0.97,0.91,91130323,169002000,26374000,0.9668461287029565,142628000
2005-12-31,1390606000,103834000,2006-01-26,1.03,1.02,89637735,148967000,40292000,1.1583737585515743,108675000
2006-03-31,1419117000,86233000,2006-04-17,0.93,0.88,92484701,26876000,30168000,0.9324028630421803,-3292000
2006-06-30,1482880000,93739000,2006-07-17,1.0,1.02,92104424,73647000,25694000,1.0177469868331188,47953000
2006-09-30,1519499000,104494000,2006-10-16,1.07,1.06,89682032,212459000,34866000,1.1651609321251775,177593000
2006-12-31,1462158000,98933000,2007-01-26,1.08,1.05,83979114,123771000,46036000,1.1780667274008154,77735000
2007-03-31,1546658000,101787000,2007-04-16,1.17,1.09,86758949,82413000,32973000,1.1732161485727541,49440000
2007-06-30,1601011000,104791000,2007-07-16,1.21,1.19,86775154,97921000,42735000,1.2076152581647968,55186000
2007-09-30,1658592000,109150000,2007-10-15,1.29,1.26,84864258,157418000,58762000,1.2861716177380589,98656000
2007-12-31,1611753000,104392000,2008-01-25,1.31,1.29,77933996,131123000,62953000,1.3394924597476048,68170000
2008-03-31,1661046000,114238000,2008-04-14,1.43,1.36,80131555,13308000,33375000,1.4256306395152323,-20067000
2008-06-30,1756856000,113179000,2008-07-15,1.48,1.46,79012567,105414000,68404000,1.4324177064137151,37010000
2008-09-30,1839475000,140023000,2008-10-14,1.79,1.53,78279422,216595000,29812000,1.7887587366191846,186783000
2008-12-31,1592655000,107915000,2009-01-26,1.47,1.34,74260401,194749000,63384000,1.4531971083754314,131365000
2009-03-31,1465248000,96378000,2009-04-14,1.28,1.06,75142460,42516000,28407000,1.2826037369551118,14109000
2009-06-30,1533263000,92466000,2009-07-15,1.21,1.14,74559000,190094000,23497000,1.2401722126101478,166597000
2009-09-30,1589665000,144564000,2009-10-14,1.41,1.34,75203000,275258000,36248000,1.9223169288459236,239010000
2009-12-31,1633815000,97058000,2010-01-26,1.39,1.23,72577000,222657000,54262000,1.3373107182716288,168395000
2010-03-31,1672354000,99173000,2010-04-14,1.38,1.38,73855000,113192000,13819000,1.3428068512626092,99373000
2010-06-30,1783696000,129077000,2010-07-15,1.65,1.5,72931000,173092000,13123000,1.7698509550122719,159969000
2010-09-30,1899412000,150405000,2010-10-14,1.99,1.82,71168000,216296000,39668000,2.1133796088129495,176628000
2010-12-31,1826696000,132210000,2011-01-25,1.79,1.67,69403000,104474000,55749000,1.904960880653574,48725000
2011-03-31,1883612000,157933000,2011-04-18,2.18,1.79,70907000,118391000,28393000,2.2273259339698477,89998000
2011-06-30,2003022000,169885000,2011-07-19,2.22,2.12,71123000,191078000,51407000,2.38860846702192,139671000
2011-09-30,2114647000,182121000,2011-10-18,2.51,2.33,71280000,250502000,44040000,2.5550084175084176,206462000
2011-12-31,2076904000,148484000,2012-01-25,2.13,2.12,70133000,186137000,73102000,2.1171773630102804,113035000
2012-03-31,2193445000,187516000,2012-04-17,2.57,2.52,71656000,106238000,40636000,2.616891816456403,65602000
2012-06-30,2249275000,190704000,2012-07-18,2.63,2.62,71308000,131982000,55742000,2.6743703371290737,76240000
2012-09-30,2281205000,155394000,2012-10-16,2.81,2.9,70961000,337889000,58785000,2.1898507630952215,279104000
2012-12-31,2226120000,156267000,2013-01-24,2.42,2.61,70809000,240086000,94697000,2.2068804812947507,145389000
2013-03-31,2280435000,211838000,2013-04-16,2.94,2.73,70775000,176417000,42962000,2.9931190392087603,133455000
2013-06-30,2381561000,217660000,2013-07-17,3.03,2.96,70801000,210406000,40213000,3.074250363695428,170193000
2013-09-30,2398530000,210789000,2013-10-16,2.95,3.04,70547000,353605000,65186000,2.9879229449870297,288419000
2013-12-31,2377232000,156749000,2014-01-24,2.59,2.62,70191000,246070000,123784000,2.233178042769016,122286000
2014-03-31,2385627000,216653000,2014-04-16,3.07,2.96,69677000,167518000,65664000,3.1093904731834034,101854000
2014-06-30,2506104000,205915000,2014-07-17,3.09,3.09,69342000,160948000,90546000,2.969556690029131,70402000
2014-09-30,2562263000,230322000,2014-10-16,3.3,3.28,69112000,329377000,83986000,3.3325905776131495,245391000
2014-12-31,2510959000,148839000,2015-01-26,2.8,2.83,68705000,301971000,147194000,2.1663488829051745,154777000
2015-03-31,2439661000,211015000,2015-04-16,3.1,3.11,67982000,156209000,99489000,3.1039834073725396,56720000
2015-06-30,2522565000,220548000,2015-07-17,3.27,3.05,67317000,213296000,71384000,3.2762600828913944,141912000
2015-09-30,2532900000,192201000,2015-10-16,3.03,3.06,65289000,366425000,82324000,2.943849653080917,284101000
2015-12-31,2478258000,145232000,2016-01-26,2.49,2.22,62550000,275727000,120671000,2.3218545163868907,155056000
2016-03-31,2506538000,186713000,2016-04-18,3.18,2.83,62100000,153731000,51797000,3.0066505636070855,101934000
2016-06-30,2563668000,172676000,2016-07-19,2.89,3.17,61302000,172658000,53920000,2.8168085869955304,118738000
2016-09-30,2596288000,185873000,2016-10-18,3.06,2.99,60416000,343994000,107905000,3.076552568855932,236089000
2016-12-31,2470710000,60666000,2017-01-25,2.45,2.36,59566000,332593000,70627000,1.0184669106537287,261966000
2017-03-31,2541129000,174744000,2017-04-18,2.88,2.99,59203000,180946000,78768000,2.9516071820684764,102178000
2017-06-30,2615269000,97921000,2017-07-19,2.74,2.65,58287000,191232000,52379000,1.6799800984782198,138853000
2017-09-30,2635999000,162006000,2017-10-17,2.9,2.56,57521000,348700000,60036000,2.816467029432729,288664000
2017-12-31,2632461000,151059000,2018-01-24,2.94,2.19,56954000,335679000,46100000,2.6522983460336413,289579000
2018-03-31,2766401000,231535000,2018-04-19,4.18,3.44,56403000,146885000,49149000,4.105012144744074,97736000
2018-06-30,2860212000,236981000,2018-07-18,4.37,3.74,56553000,247954000,53934000,4.190423142892508,194020000
2018-09-30,2831429000,104377000,2018-10-16,4.19,3.99,56804000,367091000,65813000,1.83749383846208,301278000
2018-12-31,2763000000,209000000,2019-01-24,3.96,3.6,56377000,314000000,70000000,3.707185554392749,244000000
2019-03-31,2799000000,253000000,2019-04-22,4.51,4.46,55900000,127000000,60000000,4.525939177101968,67000000
2019-06-30,2893000000,260000000,2019-07-24,4.64,4.64,55400000,323000000,47000000,4.693140794223827,276000000
2019-09-30,2947000000,233000000,2019-10-23,4.26,4.4,54400000,320000000,56000000,4.283088235294118,264000000
2019-12-31,2847000000,103000000,2020-01-30,3.9,4.04,54100000,272000000,58000000,1.9038817005545285,214000000
2020-03-31,3001000000,173000000,2020-04-23,4.24,4.47,53800000,244000000,50000000,3.2156133828996283,194000000
2020-06-30,2837000000,114000000,2020-07-23,3.75,3.51,53700000,232000000,43000000,2.122905027932961,189000000
2020-09-30,3018000000,240000000,2020-10-22,4.52,4.13,53900000,311000000,59000000,4.452690166975882,252000000
2020-12-31,2941000000,168000000,2021-02-03,3.66,3.86,53600000,336000000,45000000,3.1343283582089554,291000000
2021-03-31,3084000000,238000000,2021-04-30,4.48,4.32,52600000,294000000,73000000,4.524714828897339,221000000
2021-06-30,3207000000,225000000,2021-07-30,4.27,4.62,52500000,269000000,74000000,4.285714285714286,195000000
2021-09-30,3372000000,297000000,2021-10-29,5.65,5.31,52100000,161000000,50000000,5.700575815738963,111000000
2021-12-31,3359000000,283000000,2022-02-03,5.44,5.23,51700000,213000000,58000000,5.473887814313346,155000000
2022-03-31,3647000000,366000000,2022-04-28,7.07,6.12,51400000,343000000,57000000,7.120622568093385,286000000
2022-06-30,3837000000,371000000,2022-07-29,7.19,6.61,51300000,250000000,106000000,7.23196881091618,144000000
2022-09-30,3942000000,426000000,2022-10-28,8.27,7.25,51100000,380000000,45000000,8.336594911937377,335000000
2022-12-31,3802000000,384000000,2023-02-02,7.14,7.0,50700000,360000000,48000000,7.57396449704142,312000000
2023-03-31,4091000000,488000000,2023-04-27,9.61,8.53,50500000,454000000,98000000,9.663366336633663,356000000
2023-06-30,4182000000,470000000,2023-07-27,9.28,9.09,50300000,450000000,95000000,9.343936381709742,355000000
2023-09-30,4208000000,476000000,2023-10-26,9.43,8.93,50100000,523000000,125000000,9.500998003992017,398000000
2023-12-31,3997000000,395000000,2024-02-02,8.33,8.08,49700000,604000000,127000000,7.9476861167002015,477000000
2024-03-31,4235000000,478000000,2024-04-25,9.62,9.63,49400000,661000000,119000000,9.676113360323887,542000000
2024-06-30,4312000000,470000000,2024-08-01,9.76,9.59,49200000,411000000,76000000,9.552845528455284,335000000
2024-09-30,4388000000,486000000,2024-10-31,9.87,9.98,48900000,611000000,88000000,9.938650306748466,523000000
2024-12-31,4233000000,475000000,2025-01-31,9.71,9.74,48700000,428000000,258000000,9.75359342915811,170000000
2025-03-31,4306000000,479000000,2025-05-01,9.86,9.51,48300000,646000000,125000000,9.917184265010352,521000000
2025-06-30,4554000000,482000000,2025-08-01,9.97,10.07,48200000,377000000,175000000,10.0,202000000
2025-09-30,4657000000,294000000,2025-10-31,10.21,9.95,48100000,597000000,258000000,6.112266112266112,339000000
