fiscalDateEnding,totalRevenue,netIncome,reportedDate,reportedEPS,estimatedEPS,commonStockSharesOutstanding,operatingCashflow,capitalExpenditures,eps_computed_simple,freeCashFlow
2005-09-30,988052000,92063000,2005-10-17,0.47,0.51,195878723,-22556000,14964000,0.47000000096998795,-37520000
2005-12-31,1072243000,94271000,2006-02-06,0.61,0.58,196900000,501188000,24980000,0.4787760284408329,476208000
2006-03-31,468181000,-4899000,2006-04-24,-0.03,-0.01,177029000,-75239000,11613000,-0.027673432036558983,-86852000
2006-06-30,527764000,27088000,2006-07-24,0.07,0.07,177029000,-13201000,18331000,0.15301447785391095,-31532000
2006-09-30,1039138000,99584000,2006-10-23,0.58,0.5,171696552,-12396000,22809000,0.5799999990681234,-35205000
2006-12-31,1116398000,108282000,2007-02-09,0.62,0.67,174700000,421483000,29350000,0.6198168288494562,392133000
2007-03-31,625267000,32890000,2007-04-23,0.19,,176661000,53637000,19289000,0.18617578299681312,34348000
2007-06-30,691408000,4801000,2007-07-23,0.24,0.18,160033333,-24733000,21591000,0.030000000062486983,-46324000
2007-09-30,1223038000,161580000,2007-10-22,0.78,0.71,170084211,18094000,22309000,0.9499999973542518,-4215000
2007-12-31,1297844000,133732000,2008-02-11,0.84,0.81,161100000,554796000,28343000,0.8301179391682185,526453000
2008-03-31,704220000,37470000,2008-04-21,0.25,0.14,156246000,153852000,24764000,0.2398141392419646,129088000
2008-06-30,784286000,37486000,2008-07-21,0.25,0.22,149944000,-131072000,30413000,0.25,-161485000
2008-09-30,1301961000,138229000,2008-10-20,0.89,0.86,156180000,1494000,29730000,0.8850621078243053,-28236000
2008-12-31,1231053000,93581000,2009-02-09,0.62,0.75,141050000,568911000,32236000,0.6634597660404112,536675000
2009-03-31,621340000,19730000,2009-04-20,0.14,0.14,140047000,-22657000,24535000,0.14088127557177232,-47192000
2009-06-30,792202000,39275000,2009-07-20,0.26,0.23,152979000,-157211000,27003000,0.2567345844854523,-184214000
2009-09-30,1279221000,150362000,2009-10-19,0.99,0.93,152921000,-30663000,22173000,0.983265869305066,-52836000
2009-12-31,1375184000,165563000,2010-02-08,1.09,0.81,139814000,476154000,30418000,1.184166106398501,445736000
2010-03-31,672371000,58943000,2010-04-19,0.26,0.16,151282000,265117000,20783000,0.38962335241469576,244334000
2010-06-30,737791000,43631000,2010-07-19,0.29,0.24,148474000,-92088000,28906000,0.2938628985546291,-120994000
2010-09-30,1313302000,155164000,2010-10-18,1.09,1.04,141715000,-167263000,26163000,1.0949017394065554,-193426000
2010-12-31,1278697000,140014000,2011-02-07,0.99,0.92,141200000,362215000,36745000,0.9916005665722379,325470000
2011-03-31,671986000,17196000,2011-04-14,0.12,0.17,140953000,276494000,22396000,0.12199811284612601,254098000
2011-06-30,908454000,58051000,2011-07-18,0.33,0.39,139241000,-147639000,28720000,0.4169102491363894,-176359000
2011-09-30,1375811000,170990000,2011-10-17,1.27,1.3,134924000,-127809000,20559000,1.2673060389552637,-148368000
2011-12-31,1329338000,139130000,2012-02-06,1.06,1.05,131700000,395023000,27727000,1.0564160971905847,367296000
2012-03-31,648850000,-2579000,2012-04-23,0.04,0.08,129569000,284738000,23034000,-0.019904452453904868,261704000
2012-06-30,811467000,43427000,2012-07-23,0.33,0.23,130294000,-83957000,27050000,0.3333000752145149,-111007000
2012-09-30,1345137000,164852000,2012-10-22,1.24,1.2,132483000,-57165000,24812000,1.2443256870692843,-81977000
2012-12-31,1283529000,130299000,2013-02-07,1.2,1.19,131581000,391180000,37195000,0.990256951991549,353985000
2013-03-31,663694000,-6671000,2013-04-22,0.05,0.04,129340000,297454000,24201000,-0.051577238286686256,273253000
2013-06-30,766342000,36480000,2013-07-22,0.29,0.34,130323000,682000,29354000,0.2799198913468843,-28672000
2013-09-30,1370348000,126574000,2013-10-21,1.31,1.29,130253000,-250819000,24691000,0.9717549691753741,-275510000
2013-12-31,1281773000,129815000,2014-02-10,1.12,1.22,132433000,353815000,33785000,0.9802315132935144,320030000
2014-03-31,679453000,32087000,2014-04-21,0.14,0.1,132733000,242041000,22239000,0.24174093857593817,219802000
2014-06-30,829262000,33475000,2014-07-21,0.36,0.36,130930000,-132771000,29397000,0.255670969220194,-162168000
2014-09-30,1469899000,180457000,2014-10-20,1.46,1.45,128703000,-82444000,26619000,1.4021196087115297,-109063000
2014-12-31,1298593000,169911000,2015-02-09,1.22,1.21,127180000,427585000,35133000,1.3359883629501494,392452000
2015-03-31,713500000,26667000,2015-04-20,0.21,0.08,126342000,315281000,31151000,0.21106995298475567,284130000
2015-06-30,797658000,41809000,2015-07-20,0.33,0.29,126806000,-79177000,36558000,0.32970837342081605,-115735000
2015-09-30,1470997000,207599000,2015-10-19,1.58,1.52,126917000,-166546000,30164000,1.6357068005074182,-196710000
2015-12-31,1465354000,175763000,2016-02-08,1.39,1.3,126686000,482887000,44149000,1.3873908719195491,438738000
2016-03-31,831180000,48751000,2016-04-18,0.38,0.24,126948000,293623000,31218000,0.38402337965151084,262405000
2016-06-30,878945000,52106000,2016-07-18,0.41,0.39,127041000,-24782000,35172000,0.4101510535968703,-59954000
2016-09-30,1679757000,257798000,2016-10-17,2.03,1.74,127178000,-115060000,37249000,2.0270644293824405,-152309000
2016-12-31,1629940000,192725000,2017-02-06,1.64,1.27,126699000,621092000,51261000,1.5211248707566754,569831000
2017-03-31,849663000,68599000,2017-04-24,0.43,0.38,127229000,411928000,30243000,0.5391773888028673,381685000
2017-06-30,972506000,67723000,2017-07-24,0.53,0.46,127367000,-45822000,36078000,0.5317154364945395,-81900000
2017-09-30,1791502000,265583000,2017-10-23,2.09,1.94,127150000,-164310000,36191000,2.08873771136453,-200501000
2017-12-31,1596111000,-5298000,2018-02-07,2.3,1.8,124528000,522582000,32365000,-0.0425446485930875,490217000
2018-03-31,716341000,-112492000,2018-04-23,0.1,0.33,125073000,317739000,28235000,-0.8994107441254308,289504000
2018-06-30,904458000,60299000,2018-07-23,0.48,0.29,126335000,-76938000,43520000,0.47729449479558317,-120458000
2018-09-30,1569686000,263861000,2018-10-22,1.93,2.23,127892000,-66055000,32260000,2.0631548494041847,-98315000
2018-12-31,1389161000,8766000,2019-02-08,1.33,1.67,127237000,471251000,36411000,0.06889505411161848,434840000
2019-03-31,732510000,26727000,2019-04-23,0.21,-0.11,126816000,264494000,25201000,0.21075416351249054,239293000
2019-06-30,984537000,13433000,2019-07-23,0.78,0.5,126847000,71782000,32994000,0.10589923293416478,38788000
2019-09-30,1575173000,212949000,2019-10-22,1.84,2.21,127204000,53292000,32605000,1.6740747146316153,20687000
2019-12-31,1428007000,267345000,2020-02-11,1.24,0.91,133128000,263493000,42836000,2.008180097349919,220657000
2020-03-31,1105600000,-69700000,2020-04-29,0.57,0.58,137100000,291627000,30833000,-0.5083880379285193,260794000
2020-06-30,860300000,-33900000,2020-07-27,0.02,0.23,137200000,-33287999,33176000,-0.24708454810495628,-66463999
2020-09-30,1776600000,220900000,2020-10-26,1.88,1.63,137500000,235971000,28050000,1.6065454545454545,207921000
2020-12-31,1722971000,105173000,2021-02-08,1.27,1.14,137819000,482030000,33695000,0.7631240975482335,448335000
2021-03-31,1114800000,116200000,2021-04-27,1.0,0.65,138100000,377600000,23900000,0.8414192614047792,353700000
2021-06-30,1322200000,-22900000,2021-07-26,1.05,0.47,137800000,199500000,39200000,-0.16618287373004353,160300000
2021-09-30,1970000000,253200000,2021-10-26,1.96,1.69,138500000,108500000,35000000,1.828158844765343,73500000
2021-12-31,2013400000,82200000,2022-02-07,1.21,0.88,138700000,132300000,34600000,0.5926459985580389,97700000
2022-03-31,1163100000,61200000,2022-04-19,0.57,0.61,139600000,134700000,29200000,0.4383954154727794,105500000
2022-06-30,1339200000,142000000,2022-07-19,1.15,0.94,139200000,13100000,46600000,1.0201149425287357,-33500000
2022-09-30,1675900000,129200000,2022-10-18,1.42,1.52,138500000,114400000,54900000,0.9328519855595668,59500000
2022-12-31,1678500000,-128900000,2023-02-16,1.31,1.29,138500000,110700000,43500000,-0.9306859205776173,67200000
2023-03-31,1001000000,-22100000,2023-04-27,0.01,0.01,138600000,88800000,53200000,-0.15945165945165946,35600000
2023-06-30,1210000000,-235000000,2023-08-03,0.49,0.57,138800000,30400000,58900000,-1.6930835734870318,-28500000
2023-09-30,1503400000,-171100000,2023-10-26,1.64,1.7,138800000,215700000,48300000,-1.2327089337175792,167400000
2023-12-31,1288900000,-1061100000,2024-02-13,0.38,0.66,139100000,390700000,48900000,-7.628324946081955,341800000
2024-03-31,757300000,58200000,2024-04-24,0.61,0.27,139300000,177800000,45800000,0.4178033022254128,132000000
2024-06-30,995300000,138500000,2024-07-25,1.22,0.78,140000000,187300000,51900000,0.9892857142857143,135400000
2024-09-30,1281300000,223200000,2024-10-24,1.73,1.28,140500000,222500000,48500000,1.5886120996441282,174000000
2024-12-31,1101600000,-34300000,2025-02-11,0.46,0.3455,139600000,259800000,51300000,-0.24570200573065903,208500000
2025-03-31,887100000,98600000,2025-04-22,1.04,0.674,141000000,138100000,13800000,0.699290780141844,124300000
2025-06-30,980800000,-855800000,2025-07-23,1.3,0.7784,140300000,71300000,16100000,-6.099786172487526,55200000
2025-09-30,1387500000,233200000,2025-10-23,1.68,1.63,142200000,280600000,19700000,1.639943741209564,260900000
