fiscalDateEnding,totalRevenue,netIncome,reportedDate,reportedEPS,estimatedEPS,commonStockSharesOutstanding,operatingCashflow,capitalExpenditures,eps_computed_simple,freeCashFlow
2011-03-31,8055000000,240000000,2011-05-04,0.85,0.74,461969000,918000000,329000000,0.5195153787375343,589000000
2011-06-30,8063000000,229000000,2011-07-25,0.51,0.6,538557000,748000000,447000000,0.4252103305685378,301000000
2011-09-30,8050000000,61000000,2011-11-01,0.6,0.43,527515000,880000000,394000000,0.1156365221842033,486000000
2011-12-31,8338000000,1935000000,2012-02-06,0.94,0.78,437936000,1387000000,509000000,4.418453838003726,878000000
2012-03-31,9199000000,540000000,2012-05-03,1.18,0.99,458312000,797000000,335000000,1.178236659742708,462000000
2012-06-30,8112000000,391000000,2012-08-06,0.85,0.78,458621000,1460000000,449000000,0.8525558140599755,1011000000
2012-09-30,8062000000,360000000,2012-11-01,0.77,0.79,459515000,655000000,484000000,0.7834347083337867,171000000
2012-12-31,8434000000,314000000,2013-02-05,0.91,0.83,461131000,1263000000,594000000,0.6809344849945026,669000000
2013-03-31,8440000000,344000000,2013-05-02,0.79,0.81,462368000,740000000,404000000,0.7439961242992594,336000000
2013-06-30,8450000000,423000000,2013-08-01,0.91,0.83,463184000,814000000,492000000,0.9132439807938098,322000000
2013-09-30,8456000000,365000000,2013-11-05,0.79,0.74,463569000,900000000,451000000,0.7873693020887936,449000000
2013-12-31,8836000000,424000000,2014-02-04,0.92,0.86,458535000,1226000000,596000000,0.9246840481097408,630000000
2014-03-31,8832000000,347000000,2014-04-29,0.84,0.85,457449000,443000000,400000000,0.7585545055295781,43000000
2014-06-30,9230000000,483000000,2014-07-29,1.37,1.24,453009000,1250000000,513000000,1.0662039827023304,737000000
2014-09-30,9220000000,518000000,2014-10-28,1.18,1.11,447260000,1128000000,569000000,1.158163037159594,559000000
2014-12-31,9636000000,527000000,2015-02-03,1.33,1.23,443866000,1627000000,694000000,1.1872952647871204,933000000
2015-03-31,9676000000,591000000,2015-05-05,1.35,1.23,435309000,1018000000,446000000,1.3576562855351026,572000000
2015-06-30,9897000000,507000000,2015-08-05,1.37,1.34,429369000,1057000000,558000000,1.180802526498187,499000000
2015-09-30,9856000000,449000000,2015-10-27,1.17,1.19,426441000,1101000000,567000000,1.0529006357268649,534000000
2015-12-31,10249000000,582000000,2016-01-28,1.69,1.4,415918000,1558000000,804000000,1.3993142879125213,754000000
2016-03-31,10260000000,694000000,2016-05-03,1.71,1.49,410575000,1399000000,509000000,1.6903123668026547,890000000
2016-06-30,10319000000,658000000,2016-07-28,1.66,1.56,398659000,1349000000,663000000,1.650533413267981,686000000
2016-09-30,10270000000,618000000,2016-10-27,1.61,1.42,389592000,1206000000,712000000,1.5862748721739666,494000000
2016-12-31,10641000000,920000000,2017-01-31,1.89,1.78,384747000,1699000000,876000000,2.39118173760939,823000000
2017-03-31,10623000000,659000000,2017-05-02,1.74,1.74,379980000,1280000000,571000000,1.7343018053581767,709000000
2017-06-30,10733000000,657000000,2017-07-25,1.75,1.81,375338000,1404000000,733000000,1.7504222860461771,671000000
2017-09-30,10696000000,426000000,2017-10-31,1.21,1.21,369834000,1008000000,729000000,1.1518681354337352,279000000
2017-12-31,11562000000,474000000,2018-01-30,2.13,1.88,363943000,1734000000,982000000,1.3024017497245448,752000000
2018-03-31,11423000000,1144000000,2018-05-01,2.33,2.07,359749000,1300000000,694000000,3.1799949409171395,606000000
2018-06-30,11529000000,820000000,2018-07-25,2.29,2.16,355039000,1565000000,880000000,2.3096054236295167,685000000
2018-09-30,11451000000,759000000,2018-10-30,2.16,1.91,353639000,1721000000,846000000,2.1462564932035213,875000000
2018-12-31,12274000000,1064000000,2019-01-29,2.99,2.58,352876000,2175000000,1153000000,3.015223477935592,1022000000
2019-03-31,12517000000,1039000000,2019-04-30,2.97,2.33,350316000,974000000,781000000,2.9658936503042965,193000000
2019-06-30,12602000000,783000000,2019-07-30,2.21,2.46,348373000,1997000000,964000000,2.2475909441891306,1033000000
2019-09-30,12694000000,612000000,2019-10-29,2.23,2.13,347487000,2126000000,1139000000,1.7612169663901096,987000000
2019-12-31,13523000000,1071000000,2020-01-28,3.09,3.09,346791000,2505000000,1274000000,3.088315440712129,1231000000
2020-03-31,12861000000,581000000,2020-04-21,2.33,2.65,344096000,1375000000,853000000,1.6884822840137637,522000000
2020-06-30,11068000000,1079000000,2020-07-22,1.5,-0.33,341599000,8723000000,745000000,3.158674352091195,7978000000
2020-09-30,13311000000,668000000,2020-10-26,1.92,2.26,343346000,2717000000,489000000,1.94555929004561,2228000000
2020-12-31,14293000000,1426000000,2021-02-02,4.13,3.59,345374000,-3583000000,748000000,4.1288574125440825,-4331000000
2021-03-31,13977000000,1423000000,2021-04-22,4.14,3.33,343321000,1988000000,654000000,4.144809085374911,1334000000
2021-06-30,14435000000,1450000000,2021-07-20,4.37,3.16,332613000,2251000000,842000000,4.359420708150313,1409000000
2021-09-30,15276000000,2269000000,2021-10-22,4.57,4.01,324029000,2277000000,889000000,7.00245965638878,1388000000
2021-12-31,15064000000,1814000000,2022-01-27,4.42,4.52,315418000,2443000000,1192000000,5.751098542251869,1251000000
2022-03-31,14945000000,1273000000,2022-04-22,4.12,4.24,307374000,1345000000,861000000,4.1415344173547535,484000000
2022-06-30,14820000000,1155000000,2022-07-22,4.21,3.71,296061000,1630000000,1080000000,3.901223058761539,550000000
2022-09-30,14971000000,1134000000,2022-10-21,3.93,3.86,289852000,3020000000,1131000000,3.9123414708195905,1889000000
2022-12-31,15497000000,2081000000,2023-01-27,4.64,4.79,285663000,2527000000,1323000000,7.284807622968323,1204000000
2023-03-31,15591000000,1363000000,2023-04-21,4.93,3.92,280961000,1803000000,1197000000,4.851207107036208,606000000
2023-06-30,15861000000,1193000000,2023-07-27,4.29,4.24,278198000,2475000000,1241000000,4.288312640637244,1234000000
2023-09-30,16213000000,1079000000,2023-10-24,3.91,3.97,275424000,2479000000,1147000000,3.9175961426745673,1332000000
2023-12-31,17303000000,1607000000,2024-01-30,5.9,5.05,271186000,2674000000,1159000000,5.92582212946096,1515000000
2024-03-31,17339000000,1591000000,2024-04-26,5.36,5.09,268016000,2469000000,1118000000,5.936212763417109,1351000000
2024-06-30,17492000000,1461000000,2024-07-23,5.5,4.93,264071000,1971000000,1281000000,5.53260297420012,690000000
2024-09-30,17487000000,1270000000,2024-10-25,4.88,4.98,259917000,3515000000,1191000000,4.886175202083742,2324000000
2024-12-31,18285000000,1438000000,2025-01-24,6.22,6.14,255310000,2559000000,1285000000,5.63236849320434,1274000000
2025-03-31,18321000000,1610000000,2025-04-25,6.45,5.75,249440000,1651000000,991000000,6.45445798588839,660000000
2025-06-30,18605000000,1653000000,2025-07-25,6.84,6.32,241911000,4210000000,1176000000,6.833091508860696,3034000000
2025-09-30,19161000000,1674000000,2025-10-24,6.96,5.73,242459000,4416000000,1288000000,6.9042601017079175,3128000000
