fiscalDateEnding,totalRevenue,netIncome,reportedDate,reportedEPS,estimatedEPS,commonStockSharesOutstanding,operatingCashflow,capitalExpenditures,eps_computed_simple,freeCashFlow
2006-06-30,34485000,3636000,2006-07-20,0.0527,,66167000,-1667000,1344000,0.054951864222346485,-3011000
2006-09-30,37156000,4288000,2006-10-19,0.05,0.05,80575000,4958000,2852000,0.053217499224325164,2106000
2006-12-31,39114000,4478000,2007-01-18,0.05,0.05,80801000,8190000,4055000,0.05542010618680462,4135000
2007-03-31,40389000,4761000,2007-04-19,0.06,0.06,83794000,1043000,4491000,0.05681791059025706,-3448000
2007-06-30,41727000,5061000,2007-07-19,0.06,0.06,82931000,3251000,5165000,0.0610266366015121,-1914000
2007-09-30,42693000,5228000,2007-10-18,0.06,0.06,82812000,6241000,3267000,0.06313094720571898,2974000
2007-12-31,42587000,5395000,2008-01-17,0.07,0.06,86463000,7716000,1859000,0.062396632085400694,5857000
2008-03-31,51930000,7278000,2008-04-17,0.08,0.06,88680000,6714000,1429000,0.08207036535859269,5285000
2008-06-30,42207000,5654000,2008-07-17,0.06,0.07,89309000,4369000,955000,0.06330828919817712,3414000
2008-09-30,43872000,6564000,2008-10-16,0.07,0.07,89421000,8496000,1095000,0.07340557587143959,7401000
2008-12-31,36426000,-9380000,2009-01-15,-0.05,-0.06,87397000,14436000,4330000,-0.10732633843266931,10106000
2009-03-31,40693000,6245000,2009-04-23,0.06,0.06,88524000,7814000,499000,0.07054584067597487,7315000
2009-06-30,40986000,5441000,2009-07-16,0.07,0.05,88537000,8830000,470000,0.061454533133040425,8360000
2009-09-30,40859000,7239000,2009-10-15,0.07,0.07,91092000,15038000,371000,0.07946910815439336,14667000
2009-12-31,40307000,7881000,2010-01-21,0.06,0.06,113148000,3271000,971000,0.06965213702407466,2300000
2010-03-31,40373000,12881000,2010-04-20,0.13,0.08,113148000,12806000,225000,0.11384204758369569,12581000
2010-06-30,44877000,8957000,2010-07-22,0.07,0.07,114344000,23786000,6621000,0.07833379976212132,17165000
2010-09-30,47369000,9560000,2010-10-21,0.08,0.08,114576000,-638000,876000,0.08343806730903505,-1514000
2010-12-31,74218000,-13807000,2011-01-20,-0.24,-0.24,113876000,20437000,8501000,-0.12124591661105062,11936000
2011-03-31,52795000,12716000,2011-04-21,0.11,0.08,114688000,27986000,779000,0.11087472098214286,27207000
2011-06-30,52707000,13546000,2011-07-21,0.11,0.11,114760000,22780000,1263000,0.11803764377831998,21517000
2011-09-30,53219000,14312000,2011-10-20,0.12,0.12,114532000,7944000,10777000,0.12496070967065973,-2833000
2011-12-31,54394000,14167000,2012-01-19,0.13,0.12,112920000,33966000,203000,0.12546050301098122,33763000
2012-03-31,51512000,14498000,2012-04-19,0.13,0.12,113644000,37933000,1166000,0.127573827038823,36767000
2012-06-30,54447000,15490000,2012-07-18,0.14,0.14,113132000,11097000,1164000,0.13691970441608034,9933000
2012-09-30,52854000,16095000,2012-10-18,0.14,0.14,113364000,53104000,5946000,0.14197628876892135,47158000
2012-12-31,50742000,16939000,2013-01-17,0.15,0.15,112976000,15546000,5242000,0.1499344993626965,10304000
2013-03-31,58154000,17548000,2013-04-18,0.16,0.15,113068000,52018000,5246000,0.1551986415254537,46772000
2013-06-30,58651000,17659000,2013-07-18,0.16,0.16,113154000,41286000,3411000,0.156061650494017,37875000
2013-09-30,60306000,18363000,2013-10-17,0.17,0.16,113240000,29137000,1293000,0.16216001412928294,27844000
2013-12-31,85561000,12950000,2014-01-16,0.19,0.18,126468000,-9404000,2765000,0.1023974444128159,-12169000
2014-03-31,97219000,27337000,2014-04-17,0.22,0.21,131022000,76675000,1682000,0.20864434980384974,74993000
2014-06-30,98785000,28429000,2014-07-17,0.22,0.22,131090000,67576000,1822000,0.21686627507819056,65754000
2014-09-30,99707000,27371000,2014-10-16,0.21,0.22,133232000,42597000,176000,0.20543863336135462,42421000
2014-12-31,104258000,29926000,2015-01-15,0.23,0.23,135306000,58547000,3613000,0.22117274917594193,54934000
2015-03-31,99417000,31119000,2015-04-16,0.23,0.23,135846000,74159000,5041000,0.22907557086701116,69118000
2015-06-30,107934000,33906000,2015-07-16,0.25,0.25,135830000,35783000,2634000,0.24962084959140102,33149000
2015-09-30,113815000,35741000,2015-10-15,0.26,0.26,136162000,21300000,1117000,0.26248880010575637,20183000
2015-12-31,123476000,37433000,2016-01-21,0.28,0.28,140616000,73821000,3978000,0.2662072594868294,69843000
2016-03-31,123375000,41427000,2016-04-21,0.3,0.28,140688000,76058000,1376000,0.2944600818833163,74682000
2016-06-30,128258000,43509000,2016-07-21,0.31,0.3,140608000,21270000,942000,0.3094347405553027,20328000
2016-09-30,131728000,43620000,2016-10-20,0.33,0.31,140703000,66741000,2921000,0.3100147118398328,63820000
2016-12-31,133203000,48590000,2017-01-19,0.35,0.33,140781000,53975000,273000,0.34514600691854724,53702000
2017-03-31,135274000,46856000,2017-04-20,0.33,0.33,142492000,62879000,5636000,0.32883249585941665,57243000
2017-06-30,144739000,50097000,2017-07-20,0.35,0.33,144116000,20614000,3211000,0.3476158094868023,17403000
2017-09-30,144523000,14821000,2017-10-19,0.32,0.33,144987000,-5718000,1958000,0.10222295792036527,-7676000
2017-12-31,184240000,23309000,2018-01-18,0.35,0.34,174349000,75816000,808000,0.13369161853523678,75008000
2018-03-31,184677000,73064000,2018-04-19,0.42,0.41,174383000,92471000,3941000,0.4189857956337487,88530000
2018-06-30,192164000,76025000,2018-07-19,0.44,0.44,173936000,67323000,519000,0.4370860546407874,66804000
2018-09-30,203800000,80284000,2018-10-18,0.46,0.45,174867000,96844000,1648000,0.4591146414131883,95196000
2018-12-31,199054000,71030000,2019-01-17,0.44,0.45,173311000,46748000,2880000,0.409841268009532,43868000
2019-03-31,200939000,71350000,2019-04-18,0.42,0.42,169592000,79746000,2855000,0.42071559979244305,76891000
2019-06-30,202349000,72164000,2019-07-18,0.43,0.43,167791000,39819000,2432000,0.4300826623597213,37387000
2019-09-30,204646000,72763000,2019-10-17,0.44,0.44,167178000,68101000,3772000,0.43524267547165296,64329000
2019-12-31,200967000,73262000,2020-01-16,0.44,0.42,166696000,59749000,5839000,0.43949464894178625,53910000
2020-03-31,193082000,507000,2020-04-16,0.43,0.38,166014000,112118000,4545000,0.003053959304636958,107573000
2020-06-30,194274000,62827000,2020-07-16,0.42,0.26,165163000,19005000,1734000,0.38039391389112576,17271000
2020-09-30,193926000,69320000,2020-10-15,0.41,0.39,165200000,69047000,4003000,0.41961259079903146,65044000
2020-12-31,196688000,81794000,2021-01-21,0.48,0.39,165119000,91558000,1265000,0.4953639496363229,90293000
2021-03-31,205469000,91602000,2021-04-15,0.47,0.44,165446000,121084000,3153000,0.553667057529345,117931000
2021-06-30,182735000,79070000,2021-07-15,0.46,0.46,165226000,91332000,3099000,0.47855664362751626,88233000
2021-09-30,183517000,74992000,2021-10-21,0.45,0.44,164603000,89019000,1813000,0.4555931544382545,87206000
2021-12-31,180263000,73357000,2022-01-20,0.45,0.42,164306000,87945000,2217000,0.4464657407520115,85728000
2022-03-31,172748000,64892000,2022-04-21,0.37,0.37,164196000,89486000,2067000,0.39521060196350705,87419000
2022-06-30,257844000,15978000,2022-07-21,0.47,0.4,206015000,13129000,4529000,0.07755745940829552,8600000
2022-09-30,282025000,108705000,2022-10-20,0.54,0.52,205135000,166552000,2438000,0.5299193214224779,164114000
2022-12-31,325358000,115687000,2023-01-19,0.53,0.53,204179000,144005000,4858000,0.566595977059345,139147000
2023-03-31,315493000,102962000,2023-04-20,0.54,0.5,203625000,117948000,2404000,0.5056451810926949,115544000
2023-06-30,332580000,105271000,2023-07-20,0.51,0.51,202923000,47108000,974000,0.5187731306948942,46134000
2023-09-30,333684000,98453000,2023-10-19,0.47,0.48,202650000,99117000,5349000,0.48582778188995807,93768000
2023-12-31,342929000,86243000,2024-01-18,0.46,0.46,201891000,115497000,1771000,0.42717605044306084,113726000
2024-03-31,355290000,100109000,2024-04-18,0.49,0.46,201390000,147543000,1682000,0.49709022295049404,145861000
2024-06-30,364331000,101530000,2024-07-17,0.52,0.49,200465000,109381000,10220000,0.5064724515501459,99161000
2024-09-30,372051000,100038000,2024-10-16,0.5,0.53,199461000,128616000,12375000,0.501541654759577,116241000
2024-12-31,360332000,100564000,2025-01-15,0.5,0.52,198973000,75106000,14254000,0.5054153076045493,60852000
2025-03-31,354795000,115209000,2025-04-16,0.56,0.54,198852000,117014000,6884000,0.5793705871703578,110130000
2025-06-30,365767000,118403000,2025-07-16,0.58,0.57,197765000,78398000,7998000,0.5987055343463201,70400000
2025-09-30,279671000,123604000,2025-10-15,0.61,0.6,197288000,115164000,2915000,0.6265155508697944,112249000
