fiscalDateEnding,totalRevenue,netIncome,reportedDate,reportedEPS,estimatedEPS,commonStockSharesOutstanding,operatingCashflow,capitalExpenditures,eps_computed_simple,freeCashFlow
2010-06-30,11087000,-2563000,2010-08-10,-0.8077,,3173114.0,-244000,12260000,-0.8077238952020003,-12504000
2010-09-30,17505000,-172000,2010-11-09,-0.0078,0.18,3135215.0,1738000,36274000,-0.05486067143720606,-34536000
2010-12-31,21090000,-1184000,2011-03-15,-0.03,0.19,3135215.0,4198000,192968000,-0.37764555221890683,-188770000
2011-03-31,34804000,-2510000,2011-05-11,-0.8005,,3135588.0,11567000,3652000,-0.8004878191905314,7915000
2011-06-30,33407000,-200000,2011-08-10,-0.07,-0.14,4165877.0,2913000,3009000,-0.04800909868438266,-96000
2011-09-30,36917000,-803000,2011-11-07,-0.08,-0.08,4735191.0,13607000,60648000,-0.16958133262206318,-47041000
2011-12-31,37061000,-3151000,2012-03-08,-0.1,-0.07,4467090.0,3995000,63295000,-0.7053809079288754,-59300000
2012-03-31,38231000,468000,2012-05-07,0.01,-0.04,4760064.0,11986000,3074000,0.09831800580832527,8912000
2012-06-30,39094000,-2229000,2012-08-06,-0.06,-0.06,5681719.0,10415000,100421000,-0.3923108481781658,-90006000
2012-09-30,40566000,-274000,2012-11-05,-0.01,-0.06,6666980.0,17289000,81921000,-0.041098068390785635,-64632000
2012-12-31,45244000,-2950000,2013-03-06,-0.13,-0.09,6670028.0,3131000,194356000,-0.44227700393461616,-191225000
2013-03-31,47384000,307000,2013-05-06,-0.06,-0.1,7454897.0,15105000,19542000,0.04118098479429025,-4437000
2013-06-30,47390000,-3137000,2013-08-05,-0.1103,-0.09,8010821.0,15886000,29994000,-0.3915953183824729,-14108000
2013-09-30,53348000,-2392000,2013-11-04,-0.09,-0.03,8020586.0,12941000,359889000,-0.29823257303144685,-346948000
2013-12-31,57417000,3188000,2014-02-26,0.01,-0.08,8038755.0,-2385000,359889000,0.39657882346209083,-362274000
2014-03-31,55596000,4529000,2014-05-08,0.02,0.03,9089393.0,19401000,75580000,0.49827309700438743,-56179000
2014-06-30,62129000,6629000,2014-08-05,0.03,0.02,9917374.0,16490000,26407000,0.6684229111456319,-9917000
2014-09-30,68155000,10883000,2014-11-03,0.03,0.09,9500883.0,22455000,2500000,1.1454724787159256,19955000
2014-12-31,67535000,973000,2015-02-26,-0.03,0.1,9501807.0,4822000,35500000,0.10240157477414559,-30678000
2015-03-31,62824000,22476000,2015-05-07,0.25,0.15,11047193.0,27125000,261648000,2.034543978728352,-234523000
2015-06-30,151819000,-21968000,2015-08-06,0.14,-0.25,12699180.0,36426000,1504448000,-1.7298754722745877,-1468022000
2015-09-30,151556000,-3101000,2015-11-05,-0.04,-0.07,12712033.71,57594000,38500000,-0.2439420843858036,19094000
2015-12-31,154651000,-1930000,2016-02-25,-0.07,-0.07,12712944.57,53711000,1000,-0.1518137666197659,53710000
2016-03-31,153537000,4031000,2016-05-05,0.03,0.05,12799686.14,58897000,158214000,0.31492959717213814,-99317000
2016-06-30,154321000,1639000,2016-08-04,0.01,-0.01,13713642.29,49970000,20000000,0.11951602392277362,29970000
2016-09-30,164583000,2202000,2016-11-03,0.02,-0.01,16608946.0,91985000,301049000,0.1325791534273156,-209064000
2016-12-31,167198000,26106000,2017-02-16,0.18,0.04,18173259.29,22848000,309096000,1.436506219573121,-286248000
2017-03-31,168285000,20914000,2017-05-04,0.14,0.07,21421478.0,92897000,56323000,0.9763098512623639,36574000
2017-06-30,180500000,3967000,2017-08-03,0.02,0.04,22299371.86,55316000,201411000,0.17789738764417376,-146095000
2017-09-30,190021000,11478000,2017-11-02,0.07,0.05,22299105.14,98568000,77321000,0.5147291753609804,21247000
2017-12-31,189333000,32867000,2018-02-15,0.21,0.1,22246306.71,53355000,52893000,1.47741377606854,462000
2018-03-31,174118000,49063000,2018-05-03,0.31,0.07,22387831.71,64447000,201411000,2.1915029841002855,-136964000
2018-06-30,175169000,16465000,2018-08-01,0.1,0.1,22370032.43,38072000,57666000,0.7360293308256058,-19594000
2018-09-30,180698000,17638000,2018-11-01,0.11,0.11,22381321.0,95361000,40986000,0.7880678714183135,54375000
2018-12-31,198433000,16205000,2019-02-14,0.1,0.11,22163790.0,16746000,264035000,0.7311475158355137,-247289000
2019-03-31,197389000,-38931000,2019-05-02,0.08,0.08,22056594.0,89446000,35584000,-1.7650503971737432,53862000
2019-06-30,196656000,9987000,2019-07-31,0.06,0.15,22098180.0,56270000,15084000,0.4519376708851136,41186000
2019-09-30,207562000,59182000,2019-10-30,0.07,0.11,22356988.0,87884000,62045000,2.647136546300423,25839000
2019-12-31,215919000,13110000,2020-02-20,0.09,0.12,22389000.0,54411000,35584000,0.5855554066729197,18827000
2020-03-31,205991000,10959000,2020-05-05,0.07,0.06,22587130.0,90098000,79058000,0.48518780385113114,11040000
2020-06-30,198610000,3854000,2020-07-29,0.02,0.05,22231645.0,47386000,90237000,0.17335649251326207,-42851000
2020-09-30,196180000,-5174000,2020-10-29,-0.04,0.05,21885144.0,110406000,139614000,-0.23641608206918813,-29208000
2020-12-31,203843000,-7603000,2021-02-17,-0.05,0.01,21655074.0,54142000,3404000,-0.3510955446284783,50738000
2021-03-31,213754000,5413000,2021-05-05,0.03,-0.005,21591583.0,114695000,95884000,0.2506995434285666,18811000
2021-06-30,215602000,2315000,2021-08-03,0.02,-0.01,21811923.0,58236000,199519000,0.10613461270700433,-141283000
2021-09-30,228198000,-8866000,2021-10-26,-0.06,-0.02,21760036.0,112581000,2279000,-0.40744417886073353,110302000
2021-12-31,240633000,10756000,2022-02-16,0.05,0.01,21753020.0,29351000,122949000,0.4944600795659637,-93598000
2022-03-31,244513000,-14056000,2022-04-27,-0.13,0.01,21312571.0,95454000,3658000,-0.6595168644834075,91796000
2022-06-30,251430000,-1936000,2022-07-26,-0.05,0.01,20545243.0,94688000,90637000,-0.09423105874191899,4051000
2022-09-30,260354000,-11786000,2022-11-02,-0.12,-0.01,20159599.0,138407000,15219000,-0.5846346447664956,123188000
2022-12-31,269927000,-6484000,2023-02-08,-0.09,-0.01,20132514.0,40952000,7154000,-0.3220660867291586,33798000
2023-03-31,251518000,-14672000,2023-05-08,-0.14,-0.15,20146432.0,92516000,774000,-0.728267913643468,91742000
2023-06-30,244453000,-30666000,2023-08-01,-0.26,-0.32,20129964.0,59167000,876000,-1.5234006379743152,58291000
2023-09-30,231443000,-33069000,2023-11-01,-0.27,-0.31,20133957.0,71355000,2799000,-1.6424491221472262,68556000
2023-12-31,221740000,-92793000,2024-02-12,-0.03,-0.39,20134429.0,9218000,1291000,-4.608673034631377,7927000
2024-03-31,214023000,-48029000,2024-05-01,-0.37,-0.46,20160334.0,65128000,5075000,-2.382351403503533,60053000
2024-06-30,218000000,-42845000,2024-08-07,-0.33,-0.37,20168779.0,35622000,5289000,-2.124322944884269,30333000
2024-09-30,200393000,-95268000,2024-11-12,-0.425,-0.38,20176000.0,63745000,7951000,-4.721847739888977,55794000
2024-12-31,209666000,-166149000,2025-02-10,-1.18,-0.435,20170429.0,162000,4748000,-8.237256629494594,-4586000
2025-03-31,198459000,-71909000,2025-04-29,-0.53,-0.4133,20198143.0,30536000,4736000,-3.5601787748507374,25800000
2025-06-30,190002000,-80190000,2025-08-07,-0.41,-0.35,28952286.0,-2040000,5818000,-2.7697294783562167,-7858000
2025-09-30,186617000,-133146000,2025-11-05,-0.3,-0.185,64433000.0,33177000,5322000,-2.0664255893719057,27855000
