fiscalDateEnding,totalRevenue,netIncome,reportedDate,reportedEPS,estimatedEPS,commonStockSharesOutstanding,operatingCashflow,capitalExpenditures,eps_computed_simple,freeCashFlow
2007-09-30,,-2509000,2007-09-30,-11.4761,,218634,-2719,0,-11.47579973837555,-2719
2007-12-31,,-1520000,2008-02-27,-6.8715,,343175,-694347,0,-4.429227070736505,-694347
2008-03-31,,-273000,2008-05-28,-0.7947,,341110,-261896,0,-0.8003283398317258,-261896
2008-06-30,,-1263000,2008-09-03,-3.4315,,366085,-671991,0,-3.4500184383408223,-671991
2008-09-30,,-815000,2008-12-03,-2.1082,,386565,-935106,0,-2.1083129615976612,-935106
2008-12-31,,-953000,2009-02-25,-2.5729,,389116,-664492,0,-2.4491411301514203,-664492
2009-03-31,34064.0,-1621236,2009-06-03,-4.1665,,389116,-917681,0,-4.16645935916282,-917681
2009-06-30,,-1228000,2009-09-02,-3.1484,,390051,-1291129,0,-3.1483062471317855,-1291129
2009-09-30,,-928000,2009-12-02,-2.3755,,390800,-952567,0,-2.374616171954964,-952567
2009-12-31,,-776000,2010-03-03,-2.0,,391301,-409381,0,-1.9831280778735552,-409381
2010-03-31,,-871000,2010-06-02,-2.2249,,391301,-637891,0,-2.225907932767869,-637891
2010-06-30,,-488000,2010-08-12,-1.2,-1.2,392587,-909268,0,-1.2430365753323467,-909268
2010-09-30,,-746000,2010-11-08,-2.0,-1.2,396497,-575336,0,-1.8814770351351964,-575336
2010-12-31,,-426155,2011-03-02,-1.0799,,398301,-175816,0,-1.0699320363242875,-175816
2011-03-31,,-432313,2011-06-01,-1.0854,,398301,-220596,0,-1.085392705516682,-220596
2011-06-30,,-164465,2011-08-31,-0.4134,,397880,-65313,0,-0.4133532723434201,-65313
2011-09-30,,-85400,2011-11-30,-0.2148,,397520,-30936,0,-0.21483195814047093,-30936
2011-12-31,,-272000,2012-02-29,-0.9345,,1063000,25685,0,-0.2558795860771402,25685
2012-03-31,100000.0,-1379000,2012-05-30,-1.297,,1063000,-334842,14607,-1.297271872060207,-349449
2012-06-30,,-1306000,2012-08-29,-0.3886,,3875000,-282563,701,-0.33703225806451614,-283264
2012-09-30,,-1245826,2012-11-28,-0.2003,,6219821,-669722,15000,-0.2002993333730987,-684722
2012-12-31,,-1453028,2013-02-27,-0.3234,,7788236,-613713,184,-0.18656702236552666,-613897
2013-03-31,2500.0,-1465481,2013-05-29,-0.1882,,7788236,-1057775,1449,-0.18816597237166413,-1059224
2013-06-30,2500.0,-2218000,2013-08-28,-0.2495,,8891000,-1004989,3723,-0.24946575188392756,-1008712
2013-09-30,2500.0,-2077000,2013-11-11,-0.2318,,8962000,-1137395,5308,-0.2317563043963401,-1142703
2013-12-31,2500.0,-1882127,2014-02-26,-0.21,,9010602,-1238785,9523,-0.20887916256871628,-1248308
2014-03-31,2000.0,-2325163,2014-05-28,-0.258,,9010602,-1676516,9894,-0.2580474645312267,-1686410
2014-06-30,667701.0,-2596000,2014-09-03,-0.2849,,9110000,-1532385,4882,-0.2849615806805708,-1537267
2014-09-30,441030.0,-2452000,2014-11-12,-0.3,-0.25,9154000,-1795129,77158,-0.26786104435219577,-1872287
2014-12-31,550105.0,-2745000,2015-03-12,-0.3,-0.26,9337275,-2051398,82052,-0.29398298754186847,-2133450
2015-03-31,1563000.0,-3093000,2015-05-13,-0.33,-0.25,9337000,-2275000,28000,-0.331262718217843,-2303000
2015-06-30,1967000.0,-3730000,2015-08-12,-0.39,-0.31,9502000,-3172000,180000,-0.39254893706588084,-3352000
2015-09-30,2683000.0,-3952000,2015-11-12,-0.41,-0.38,9604000,-2395000,625000,-0.4114952103290296,-3020000
2015-12-31,3503000.0,-5124000,2016-03-23,-0.48,-0.26,10407000,-3301000,347000,-0.49236091092533874,-3648000
2016-03-31,4381000.0,-4496000,2016-05-12,-0.42,-0.27,10407430,-2301000,2423000,-0.4319990622084415,-4724000
2016-06-30,4907000.0,-4639000,2016-08-15,-0.35,,13333000,-2767000,3457000,-0.3479336983424586,-6224000
2016-09-30,4861000.0,-3850000,2016-11-14,-0.29,,13471000,-3909000,845000,-0.2857991240442432,-4754000
2016-12-31,5793000.0,-6102000,2017-03-21,-0.3,-0.28,18927000,-2238000,414000,-0.3223965763195435,-2652000
2017-03-31,6097000.0,-5006000,2017-05-10,-0.26,-0.19,18927000,-3980000,216000,-0.26448988217889785,-4196000
2017-06-30,6857000.0,1484000,2017-08-10,-0.26,,23178000,-2305000,299000,0.06402623177150746,-2604000
2017-09-30,6483000.0,-5692000,2017-11-14,-0.28,,20273000,-2224000,307000,-0.28076752330686133,-2531000
2017-12-31,7337000.0,-2771000,2018-03-08,-0.13,,20949000,-294000,252000,-0.1322736168790873,-546000
2018-03-31,8865000.0,-3513000,2018-05-15,-0.17,-0.16,20949000,-965000,268000,-0.16769296863812116,-1233000
2018-06-30,10384000.0,2522000,2018-08-06,0.11,-0.12,23175000,1365000,436000,0.10882416396979504,929000
2018-09-30,10739000.0,-2514000,2018-11-13,-0.12,-0.12,21709000,323000,647000,-0.11580450504399097,-324000
2018-12-31,11384000.0,18130000,2019-03-12,0.77,0.34,24340000,-36000,852000,0.7448644207066557,-888000
2019-03-31,12290000.0,11358000,2019-05-09,0.43,-0.01,26590000,-1476000,328000,0.4271530650620534,-1804000
2019-06-30,13516000.0,-2378000,2019-08-14,-0.09,-0.08,25217000,844000,457000,-0.09430146329856842,387000
2019-09-30,12755000.0,-11469000,2019-11-13,-0.29,-0.24,25584000,-70000,83000,-0.4482879924953096,-153000
2019-12-31,12604000.0,2657000,2020-03-13,0.1,0.06,25868000,1652000,969000,0.10271377764032782,683000
2020-03-31,11817000.0,-12907000,2020-05-11,-0.5,-0.25,25868000,-550000,273000,-0.49895623936910466,-823000
2020-06-30,8060000.0,-237000,2020-08-10,-0.01,-0.1,25894000,-2651000,316000,-0.009152699467058005,-2967000
2020-09-30,14399000.0,8638000,2020-11-09,0.04,0.04,27090000,2667000,281000,0.31886304909560725,2386000
2020-12-31,14595000.0,1149000,2021-03-08,0.04,0.04,25750000,-566000,103000,0.044621359223300974,-669000
2021-03-31,15443000.0,217000,2021-05-11,0.01,-0.04,27481000,3208000,224000,0.007896364761107675,2984000
2021-06-30,18134000.0,-2478000,2021-08-10,-0.09,-0.03,26737000,5440000,1149000,-0.09268055503609231,4291000
2021-09-30,18711000.0,-8327999,2021-11-09,-0.31,-0.02,27113000,-2076000,342000,-0.3071588905690997,-2418000
2021-12-31,20188000.0,-7418000,2022-03-10,-0.27,-0.04,27474000,-1490000,26788000,-0.2700007279609813,-28278000
2022-03-31,22120000.0,-2438000,2022-05-05,0.03,-0.04,27227000,967000,404000,-0.08954346788114739,563000
2022-06-30,23323000.0,-6239000,2022-08-09,-0.23,-0.01,27303000,4860000,260000,-0.2285096875801194,4600000
2022-09-30,22823000.0,-6464000,2022-11-14,-0.24,-0.0133,27350000,-410000,1069000,-0.2363436928702011,-1479000
2022-12-31,20329000.0,1055000,2023-03-23,0.04,-0.12,29426567,-3712000,878000,0.03585195649903708,-4590000
2023-03-31,26103000.0,-6643000,2023-05-11,-0.22,-0.05,30289730,-8214000,496000,-0.21931525966061763,-8710000
2023-06-30,33470000.0,-4229000,2023-08-09,-0.14,-0.04,30458677,4566000,1249000,-0.1388438506373734,3317000
2023-09-30,34265000.0,-4391000,2023-11-13,-0.13,0.04,34255000,-1208000,20131000,-0.12818566632608377,-21339000
2023-12-31,36355000.0,-9148000,2024-03-19,-0.25,-0.04,35354000,8696000,203000,-0.25875431351473666,8493000
2024-03-31,34587000.0,-13565000,2024-05-13,-0.38,-0.2,35470000,-4628000,92000,-0.382435861291232,-4720000
2024-06-30,48939000.0,-6473000,2024-08-07,-0.18,-0.2,35619000,-2746000,344000,-0.1817288525786799,-3090000
2024-09-30,49257000.0,-4220000,2024-11-13,-0.05,-0.05,35702000,2951000,604000,-0.11820066102739342,2347000
2024-12-31,66831000.0,6777000,2025-03-17,0.4,0.13,35808000,-17779000,37560000,0.1892593833780161,-55339000
2025-03-31,47831000.0,-17780000,2025-05-12,-0.38,-0.2,35826000,19668000,212000,-0.49628761234857366,19456000
2025-06-30,63742000.0,4995000,2025-08-11,0.13,0.01,38853855,-803000,166000,0.1285586719773366,-969000
2025-09-30,71638000.0,1020000,2025-11-10,0.33,0.24,38875005,16588000,210000,0.026237938747531993,16378000
