fiscalDateEnding,totalRevenue,netIncome,reportedDate,reportedEPS,estimatedEPS,commonStockSharesOutstanding,operatingCashflow,capitalExpenditures,eps_computed_simple,freeCashFlow
2005-09-30,4337088,1561924,2005-10-24,0.09,0.09,9917000,-41983110,17647,0.1574996470706867,-42000757
2005-12-31,3454153,-199524,2006-02-01,-0.02,0.09,9912595,-46518801,16943,-0.020128331683075925,-46535744
2006-03-31,8706244,2504996,2006-04-27,0.21,0.21,9958861,2912966,2944,0.2515343873159792,2910022
2006-06-30,6914952,3366372,2006-07-27,0.19,0.19,12945000,-15097217,24683,0.26005191193511007,-15121900
2006-09-30,5654427,1572639,2006-10-26,0.23,0.23,13779000,-42973153,287709,0.1141330285216634,-43260862
2006-12-31,9136703,3939595,2007-02-07,0.23,0.26,22871000,-36094208,501670,0.17225285295789428,-36595878
2007-03-31,10784701,6331082,2007-05-03,0.23,0.23,23120000,-54448712,87481,0.2738357266435986,-54536193
2007-06-30,14304765,8269768,2007-08-02,0.29,0.24,25401000,-65299059,44155,0.32556859966143065,-65343214
2007-09-30,12274732,7178118,2007-11-01,0.31,0.27,32526000,11003575,14668,0.22068861833610035,10988907
2007-12-31,26578800,20630032,2008-02-07,0.31,0.29,32629000,-92365804,34696,0.6322606270495571,-92400500
2008-03-31,15600000,11037000,2008-05-08,0.28,0.31,32639000,7379000,247000,0.33815374245534485,7132000
2008-06-30,19022000,8358000,2008-08-07,0.3,0.28,32832000,-58131000,259000,0.2545687134502924,-58390000
2008-09-30,19248000,12538000,2008-11-06,0.31,0.3,32634000,-31659000,70000,0.38420052705766994,-31729000
2008-12-31,212000,-10938000,2009-02-12,0.34,0.29,32775000,54884000,30000,-0.3337299771167048,54854000
2009-03-31,20450000,4482000,2009-05-07,0.35,0.28,32798000,48519000,13000,0.1366546740654918,48506000
2009-06-30,19480000,-13059000,2009-08-06,0.34,0.3,34632000,68071000,31000,-0.3770790020790021,68040000
2009-09-30,17681000,13690000,2009-11-05,0.29,0.27,35576000,50225000,24000,0.38480998425905105,50201000
2009-12-31,-12866000,8459000,2010-02-11,0.26,0.26,35181000,59113000,66000,0.24044228418748756,59047000
2010-03-31,12622000,5714000,2010-05-06,0.16,0.19,35813000,-12056000,50000,0.1595510010331444,-12106000
2010-06-30,14501000,-4630000,2010-08-05,0.19,0.18,35260000,-48571000,115000,-0.131310266591038,-48686000
2010-09-30,15646000,-7823000,2010-11-04,0.23,0.23,35208000,14985000,53000,-0.22219381958645762,14932000
2010-12-31,-7585000,11720000,2011-03-03,0.24,0.21,42737000,-47608000,26000,0.27423544001684724,-47634000
2011-03-31,8169000,-1178000,2011-05-05,0.23,0.23,42737000,24825000,27000,-0.027563937571659217,24798000
2011-06-30,34777000,24317000,2011-08-04,0.24,0.21,43313000,-4497000,76000,0.5614249763350495,-4573000
2011-09-30,16314000,6223000,2011-11-03,0.2,0.22,43337000,-92889000,19000,0.14359554191568405,-92908000
2011-12-31,28548000,17573000,2012-02-29,0.25,0.23,47018000,-66964000,67000,0.37375047854013355,-67031000
2012-03-31,28097000,17105000,2012-05-08,0.24,0.23,47210000,-17687000,12000,0.36231730565558146,-17699000
2012-06-30,11596000,48000,2012-08-02,0.25,0.24,48687000,-24994000,28000,0.0009858894571446177,-25022000
2012-09-30,17295000,4745000,2012-11-01,0.23,0.22,48808000,-45915000,45000,0.09721766923455172,-45960000
2012-12-31,39185000,24861000,2013-02-28,0.25,0.23,51895000,-105339000,2000,0.4790634935928317,-105341000
2013-03-31,32614000,16689000,2013-05-02,0.27,0.25,53823000,-47714000,24000,0.31007190234658044,-47738000
2013-06-30,37794000,20879000,2013-08-01,0.29,0.26,61145000,-45879000,133000,0.3414670046610516,-46012000
2013-09-30,56442000,36981000,2013-11-07,0.35,0.29,60750000,98251000,83000,0.6087407407407407,98168000
2013-12-31,39244000,24897000,2014-02-27,0.31,0.31,60870000,98936000,71000,0.4090192212912765,98865000
2014-03-31,39651000,22185000,2014-05-01,0.3,0.28,62695000,35847000,4000,0.3538559693755483,35843000
2014-06-30,28641000,13191000,2014-08-07,0.3,0.3,62588000,-82966000,53000,0.21075925097462772,-83019000
2014-09-30,33201000,15177000,2014-11-06,0.3,0.3,63779000,13007000,37000,0.23796233870082628,12970000
2014-12-31,41611000,20635000,2015-03-02,0.25,0.3,63766000,7581000,96000,0.32360505598594863,7485000
2015-03-31,41420000,21919000,2015-05-07,0.2,0.23,64163000,-114055000,42000,0.34161432601343455,-114097000
2015-06-30,24097000,2752000,2015-08-06,0.23,0.21,71593000,-66314000,38000,0.03843951224281703,-66352000
2015-09-30,27617000,4075000,2015-11-05,0.33,0.25,71496000,101857000,78000,0.05699619559136176,101779000
2015-12-31,33414000,14170000,2016-02-25,0.28,0.26,71239000,-35849000,29000,0.19890790157076882,-35878000
2016-03-31,33137000,14295000,2016-05-05,0.28,0.28,71199000,-82353000,127000,0.200775291787806,-82480000
2016-06-30,29659000,9475000,2016-08-04,0.32,0.3,72762000,453000,19000,0.13021907039388692,434000
2016-09-30,52138000,30812000,2016-11-03,0.32,0.31,74157000,23398000,81000,0.41549685127499764,23317000
2016-12-31,28476000,14121000,2017-02-23,0.43,0.32,81420000,-79883000,25000,0.1734340456890199,-79908000
2017-03-31,18099000,-5588000,2017-05-04,0.28,0.29,81420000,11706000,39000,-0.06863178580201425,11667000
2017-06-30,56326000,33149000,2017-08-03,0.31,0.31,82395000,55902000,50000,0.40231810182656713,55852000
2017-09-30,54964000,33072000,2017-11-02,0.29,0.29,82607000,9021000,38000,0.40035348093987194,8983000
2017-12-31,44044000,18365000,2018-02-22,0.32,0.29,84027000,-95029000,147000,0.21856070072714723,-95176000
2018-03-31,28583000,5946000,2018-05-03,0.31,0.3,84666000,63015000,72000,0.07022889944015308,62943000
2018-06-30,78848000,52060000,2018-08-02,0.26,0.28,87199000,-156885000,44000,0.5970251952430647,-156929000
2018-09-30,58929000,35629000,2018-11-01,0.31,0.31,95671000,-21489000,209000,0.3724117026058053,-21698000
2018-12-31,9161000,-17138000,2019-02-21,0.32,0.31,96357000,-133611000,150000,-0.17785941862033894,-133761000
2019-03-31,91347000,61585000,2019-05-02,0.3,0.31,96508000,-141566000,83000,0.6381336262278775,-141649000
2019-06-30,82128000,48131000,2019-08-01,0.36,0.33,98737000,-109958000,158000,0.48746670447755147,-110116000
2019-09-30,49636000,19271000,2019-10-30,0.37,0.34,104655000,24772000,243000,0.1841383593712675,24529000
2019-12-31,75089000,44611000,2020-02-20,0.38,0.36,106072000,-13912000,111000,0.4205728184629308,-14023000
2020-03-31,4316000,-28723000,2020-05-04,0.37,0.36,108955000,-24702000,29000,-0.2636225964847873,-24731000
2020-06-30,94049000,61765000,2020-07-30,0.32,0.33,111729000,11934000,38000,0.5528108190353445,11896000
2020-09-30,74672000,43047000,2020-10-29,0.34,0.32,113744000,40564000,48000,0.3784551273034182,40516000
2020-12-31,184342000,151172000,2021-02-23,0.37,0.33,114263000,231817000,22000,1.3230179498175263,231795000
2021-03-31,98362000,64163000,2021-04-29,0.3,0.3,114803000,33841000,12000,0.5588965445153873,33829000
2021-06-30,115326000,82731000,2021-07-29,0.29,0.32,129572000,42437000,94000,0.6384944278084771,42343000
2021-09-30,57355000,23549000,2021-10-28,0.33,0.33,116239000,40911000,94000,0.20259121293197635,40817000
2021-12-31,40241000,3712000,2022-02-22,0.35,0.32,116754000,99940000,94000,0.031793343268753105,99846000
2022-03-31,29720000,-3336000,2022-05-05,0.3,0.31,118296000,-188622000,50000,-0.028200446337999594,-188672000
2022-06-30,21666000,-10318000,2022-07-28,0.32,0.33,124255000,-118085000,24000,-0.08303891191501347,-118109000
2022-09-30,87429000,53202000,2022-11-02,0.39,0.36,129334000,-53174000,12000,0.4113535497239705,-53186000
2022-12-31,100572000,62533000,2023-02-16,0.47,0.42,132275000,-64918000,28000,0.47274995274995274,-64946000
2023-03-31,134155000,94564000,2023-05-04,0.48,0.46,137056000,-80874000,94000,0.6899661452253094,-80968000
2023-06-30,135306000,94775000,2023-08-03,0.53,0.49,142084000,133640000,285000,0.6670349933841953,133355000
2023-09-30,67917000,27967000,2023-11-02,0.52,0.49,147110000,-115365000,11000,0.19010944191421386,-115376000
2023-12-31,156737000,120178000,2024-02-15,0.56,0.5,157758000,130877000,497000,0.7617870409107621,130380000
2024-03-31,133355000,90964000,2024-05-02,0.5,0.5,157920000,64843000,292000,0.5760131712259372,64551000
2024-06-30,84500000,41852000,2024-08-01,0.51,0.51,161309000,59492000,378000,0.2594523554172427,59114000
2024-09-30,110795000,68711000,2024-10-30,0.51,0.51,161515000,92555000,30000,0.425415596074668,92525000
2024-12-31,102246000,61439000,2025-02-13,0.49,0.5,165607000,-29244000,5000,0.37099277204465997,-29249000
2025-03-31,92405000,50337000,2025-05-01,0.45,0.47,175383000,-222197000,8000,0.2870118540565505,-222205000
2025-06-30,127633000,78887000,2025-07-31,0.5,0.47,190777000,-144823000,19000,0.41350372424348847,-144842000
2025-09-30,169310000,119685000,2025-10-29,0.49,0.48,194358000,79410000,29000,0.6157966227271324,79381000
