fiscalDateEnding,totalRevenue,netIncome,reportedDate,reportedEPS,estimatedEPS,commonStockSharesOutstanding,operatingCashflow,capitalExpenditures,eps_computed_simple,freeCashFlow
2007-03-31,1921532000,-62566000,2007-04-26,0.02,-0.04,320625000,1124767000,3408419000,-0.19513762183235867,-2283652000
2007-06-30,2175664000,83675000,2007-08-01,0.26,0.21,327628000,1077759000,3937009000,0.25539636416911865,-2859250000
2007-09-30,2449612000,162707000,2007-10-29,0.56,0.49,327507000,10537000,2512045000,0.4968046484502621,-2501508000
2007-12-31,2138823000,80743000,2008-02-20,0.25,0.22,321487000,876425000,1876624000,0.2511547900848246,-1000199000
2008-03-31,2039161000,-57704000,2008-04-23,0.02,0.0,322222000,1128194000,2921134000,-0.17908150281482954,-1792940000
2008-06-30,2275277000,51247000,2008-08-07,0.26,0.25,322687000,708299000,3724350000,0.1588133392420519,-3016051000
2008-09-30,2421900000,17700000,2008-11-05,0.29,0.45,322886000,-261698000,2141140000,0.054818109177852244,-2402838000
2008-12-31,1788743000,-1217953000,2009-02-23,-0.19,-0.05,322900000,520707000,1416225000,-3.771920099101889,-895518000
2009-03-31,1564886000,-163509000,2009-04-28,-0.22,-0.19,323371000,966213000,1538363000,-0.5056390338032786,-572150000
2009-06-30,1754500000,7800000,2009-07-28,0.1,0.05,349153000,-267853000,2050482000,0.02233977654495307,-2318335000
2009-09-30,2041400000,64500000,2009-10-29,0.27,0.21,425171000,608842000,1674639000,0.1517036674655609,-1065797000
2009-12-31,1740722000,-30903000,2010-02-23,0.05,0.01,407400000,467796000,2364534000,-0.07585419734904271,-1896738000
2010-03-31,1660900000,-150400000,2010-04-26,-0.1,-0.11,410740000,301172000,2265761000,-0.36616837902322635,-1964589000
2010-06-30,3759200000,-25100000,2010-08-03,0.12,0.11,411834000,749405000,3256187000,-0.06094688636683712,-2506782000
2010-09-30,2186300000,156600000,2010-11-02,0.35,0.32,430385000,736003000,1756708000,0.36386026464676974,-1020705000
2010-12-31,1835756000,-29158000,2011-02-22,0.09,0.06,412200000,422099000,1341425000,-0.07073750606501698,-919326000
2011-03-31,1780000000,-132600000,2011-04-26,-0.03,-0.04,414065000,165640000,2020584000,-0.3202395759119945,-1854944000
2011-06-30,2072300000,55000000,2011-08-02,0.23,0.19,451818000,521267000,3571642000,0.12173043127985163,-3050375000
2011-09-30,2432300000,206700000,2011-11-01,0.44,0.43,440908000,961637000,2474659000,0.4688052836419389,-1513022000
2011-12-31,2013818000,47049000,2012-02-22,0.21,0.18,416600000,584795000,1669121000,0.11293566970715314,-1084326000
2012-03-31,1960900000,-56300000,2012-05-02,0.04,0.01,418076000,492001000,2722917000,-0.1346645107588094,-2230916000
2012-06-30,2225100000,92900000,2012-07-30,0.3,0.28,447400000,666411000,3113143000,0.20764416629414395,-2446732000
2012-09-30,2516200000,242900000,2012-10-31,0.55,0.53,445500000,971536000,2074398000,0.5452300785634119,-1102862000
2012-12-31,2318500000,-36400000,2013-02-25,0.29,0.27,421100000,588035000,2015567000,-0.08644027546900973,-1427532000
2013-03-31,2436500000,18000000,2013-04-29,0.18,0.14,460897000,743554000,3333040000,0.03905427893867827,-2589486000
2013-06-30,2714600000,121400000,2013-07-29,0.39,0.39,465100000,715046000,3660560000,0.26101913566974844,-2945514000
2013-09-30,3069400000,214700000,2013-11-04,0.63,0.62,465000000,1393000000,2593800000,0.4617204301075269,-1200800000
2013-12-31,2556300000,-600000,2014-03-18,0.23,0.28,464300000,738000000,1024800000,-0.0012922679302175318,-286800000
2015-06-30,2692000000,23000000,2015-08-10,0.17,0.17,460000000,669000000,4626000000,0.05,-3957000000
2015-09-30,2976000000,237000000,2015-11-09,0.43,0.45,91000000,1232000000,2099000000,2.6043956043956045,-867000000
2015-12-31,2413000000,70000000,2016-02-29,0.04,0.04,88000000,649000000,2725000000,0.7954545454545454,-2076000000
2016-03-31,2311000000,-51000000,2016-05-09,-0.1,-0.01,85000000,577000000,3680000000,-0.6,-3103000000
2016-06-30,2270000000,-43000000,2016-08-08,0.36,0.27,85000000,437000000,3660000000,-0.5058823529411764,-3223000000
2016-09-30,2542000000,42000000,2016-11-07,1.37,2.37,97132050,1037000000,2009000000,0.432401045792815,-972000000
2016-12-31,2009000000,-440000000,2017-02-27,-0.62,-0.49,94846590,478000000,1742000000,-4.63907031343984,-1264000000
2017-03-31,1916000000,-223000000,2017-05-08,-1.4,-0.79,94846590,498000000,2916000000,-2.3511651815842827,-2418000000
2017-06-30,2224000000,-158000000,2017-08-08,-0.55,-0.18,94846590,484000000,3896000000,-1.6658479761897607,-3412000000
2017-09-30,2572000000,93000000,2017-11-09,1.23,1.17,94846590,995000000,1995000000,0.9805307707952389,-1000000000
2017-12-31,2091000000,616000000,2018-02-27,-0.67,-0.52,94846590,417000000,1962000000,6.494698438815776,-1545000000
2018-03-31,2063000000,-202000000,2018-05-07,-1.37,-1.09,94846590,401000000,3609000000,-2.1297550075337446,-3208000000
2018-06-30,2389000000,-63000000,2018-08-06,-0.17,-0.21,95989320,541000000,4081000000,-0.6563230159355228,-3540000000
2018-09-30,2758000000,141000000,2018-11-08,1.86,1.49,95989320,1075000000,2505000000,1.4689134166175988,-1430000000
2018-12-31,2294000000,-101000000,2019-02-25,-0.48,-0.78,95989320,539000000,2475000000,-1.0522003906267905,-1936000000
2019-03-31,2107000000,-147000000,2019-05-07,-0.99,-1.16,95989320,514000000,4027000000,-1.53142037051622,-3513000000
2019-06-30,2511000000,38000000,2019-08-06,0.74,0.37,97000000,540000000,5038000000,0.3917525773195876,-4498000000
2019-09-30,2836000000,169000000,2019-11-04,1.6,1.48,134000000,1179000000,2641000000,1.2611940298507462,-1462000000
2019-12-31,2326000000,-118000000,2020-02-24,-0.24,-0.27,142000000,667000000,2232000000,-0.8309859154929577,-1565000000
2020-03-31,1923000000,-356000000,2020-05-11,-1.78,-1.19,142000000,449000000,2193000000,-2.507042253521127,-1744000000
2020-06-30,832000000,-847000000,2020-08-10,-3.51,-2.94,144000000,177000000,2170000000,-5.881944444444445,-1993000000
2020-09-30,1268000000,-222000000,2020-11-09,-0.44,-1.02,156000000,302000000,3516000000,-1.4230769230769231,-3214000000
2020-12-31,1235000000,-289000000,2021-02-26,-1.2,-0.95,156000000,25000000,965000000,-1.8525641025641026,-940000000
2021-03-31,1289000000,190000000,2021-05-07,1.21,0.0,157000000,200000000,840000000,1.2101910828025477,-640000000
2021-06-30,1873000000,-168000000,2021-08-09,2.55,0.7,160000000,265000000,2114000000,-1.05,-1849000000
2021-09-30,2226000000,605000000,2021-10-28,1.2,0.93,490000000,743000000,338000000,1.2346938775510203,405000000
2021-12-31,1949000000,-260000000,2022-02-23,0.91,0.76,468000000,598000000,1115000000,-0.5555555555555556,-517000000
2022-03-31,1810000000,426000000,2022-04-27,0.87,0.83,461000000,621000000,1544000000,0.9240780911062907,-923000000
2022-06-30,2344000000,940000000,2022-07-28,1.22,1.15,424000000,708000000,1717000000,2.2169811320754715,-1009000000
2022-09-30,2496000000,577000000,2022-10-27,1.08,1.06,379000000,932000000,226000000,1.5224274406332454,706000000
2022-12-31,2035000000,116000000,2023-02-07,0.5,0.46,347000000,277000000,2789000000,0.33429394812680113,-2512000000
2023-03-31,2047000000,196000000,2023-04-27,0.39,0.21,323000000,562000000,2869000000,0.6068111455108359,-2307000000
2023-06-30,2437000000,139000000,2023-07-27,0.72,0.64,315000000,497000000,3797000000,0.44126984126984126,-3300000000
2023-09-30,2703000000,629000000,2023-10-26,0.7,0.76,327000000,851000000,1797000000,1.9235474006116209,-946000000
2023-12-31,2184000000,-348000000,2024-02-06,-1.36,-0.76,306000000,564000000,1239000000,-1.1372549019607843,-675000000
2024-03-31,2080000000,-186000000,2024-04-25,-1.28,-0.44,305000000,370000000,704000000,-0.6098360655737705,-334000000
2024-06-30,2353000000,-865000000,2024-08-01,-1.44,-0.9,306000000,546000000,3749000000,-2.826797385620915,-3203000000
2024-09-30,2576000000,-1332000000,2024-11-12,-0.68,-0.47,307000000,894000000,499000000,-4.3387622149837135,395000000
2024-12-31,2040000000,-479000000,2025-02-13,-1.18,-0.72,307000000,414000000,332000000,-1.5602605863192183,82000000
2025-03-31,1813000000,-443000000,2025-05-12,-1.12,-0.98,307000000,251000000,2869000000,-1.4429967426710097,-2618000000
2025-06-30,2185000000,-294000000,2025-08-07,-0.34,-0.41,309000000,346000000,3071000000,-0.9514563106796117,-2725000000
2025-09-30,2478000000,184000000,2025-11-04,0.12,0.1,364000000,835000000,209000000,0.5054945054945055,626000000
