fiscalDateEnding,totalRevenue,netIncome,reportedDate,reportedEPS,estimatedEPS,commonStockSharesOutstanding,operatingCashflow,capitalExpenditures,eps_computed_simple,freeCashFlow
2005-09-30,170851000,35468000,2005-10-27,0.5005,,70861000,65114000,23984000,0.500529205063434,41130000
2005-12-31,180867000,34279000,2006-03-03,0.4833,,69841000,36412000,20283000,0.4908148508755602,16129000
2006-03-31,182935000,23975000,2006-05-03,0.3397,,70587000,50124000,18393000,0.339651777239435,31731000
2006-06-30,196396000,34658000,2006-08-02,0.4943,,70117000,34272000,12564000,0.4942881184306231,21708000
2006-09-30,196610000,26593000,2006-11-06,0.38,,69978000,64057000,24711000,0.3800194346794707,39346000
2006-12-31,210103000,31775000,2007-02-23,0.4545,,69315000,7009000,13016000,0.45841448459929307,-6007000
2007-03-31,189095000,18644000,2007-05-08,0.2668,,69877000,26526000,13723000,0.26681168338652206,12803000
2007-06-30,209674000,34590000,2007-08-06,0.4964,,69686000,66875000,18907000,0.4963694285796286,47968000
2007-09-30,204775000,32662000,2007-11-02,0.4727,,69091000,57471000,10081000,0.4727388516594057,47390000
2007-12-31,205390000,35416000,2008-02-25,0.52,,68583000,32520000,29930000,0.5163961914760218,2590000
2008-03-31,194955000,33480000,2008-05-05,0.4873,,68701000,64937000,16503000,0.4873291509585013,48434000
2008-06-30,187948000,33049000,2008-08-01,0.4809,,68716000,31561000,10723000,0.4809505791955294,20838000
2008-09-30,189017000,33880000,2008-10-24,0.493,,68728000,183147000,19389000,0.49295774647887325,163758000
2008-12-31,182493000,31703000,2009-02-13,0.46,,68602000,-124130000,22996000,0.46212938398297426,-147126000
2009-03-31,182228000,37528000,2009-04-29,0.4998,,68618000,-28378000,17090000,0.5469118890087149,-45468000
2009-06-30,190370000,31133000,2009-08-04,0.41,0.27,68520000,29781000,21483000,0.45436368943374195,8298000
2009-09-30,177579000,36973000,2009-11-02,0.49,0.4,68208000,64915000,13912000,0.5420625146610368,51003000
2009-12-31,178213000,37108000,2010-03-01,0.5,0.44,68104000,-9320000,8789000,0.5448725478679667,-18109000
2010-03-31,191419000,32046000,2010-05-06,0.42,0.47,68206000,75500000,4656000,0.4698413629299475,70844000
2010-06-30,162480000,34008000,2010-08-05,0.45,0.38,68164000,20755000,3897000,0.49891438295874657,16858000
2010-09-30,161144000,33549000,2010-11-01,0.45,0.34,67881000,68479000,2690000,0.4942325540283732,65789000
2010-12-31,162509000,30420000,2011-02-28,0.4,0.4,67701000,121276000,4945000,0.44932866575087516,116331000
2011-03-31,155504000,33521000,2011-05-06,0.45,0.39,67780000,60130000,4226000,0.49455591619946887,55904000
2011-06-30,155708000,32624000,2011-08-08,0.43,0.42,67690000,69638000,4792000,0.4819618850642636,64846000
2011-09-30,154834000,30631000,2011-11-07,0.4,0.4,67470000,67538000,4432000,0.4539943678672002,63106000
2011-12-31,153571000,30373000,2012-02-27,0.4,0.3,67271000,22661000,7117000,0.4515021331628785,15544000
2012-03-31,138959000,31687000,2012-05-07,0.42,0.37,67355000,59995000,9566000,0.4704476282384381,50429000
2012-06-30,134502000,24550000,2012-08-06,0.31,0.42,67324000,34813000,7716000,0.3646545065652665,27097000
2012-09-30,167782000,25878000,2012-11-05,0.33,0.33,67302000,23804000,6368000,0.3845056610501917,17436000
2012-12-31,134987000,25720000,2013-02-25,0.33,0.35,67188000,41401000,38660000,0.38280645353336906,2741000
2013-03-31,140362000,28069000,2013-05-09,0.42,0.37,67280000,53433000,6166000,0.4171967895362664,47267000
2013-06-30,133029000,27513000,2013-08-05,0.41,0.39,67292000,39381000,10155000,0.4088598941924746,29226000
2013-09-30,136131000,31826000,2013-12-31,0.5795,,67333000,67577000,14471000,0.4726657062658726,53106000
2013-12-31,143300000,38943000,2014-02-24,0.65,0.39,67131000,48735000,19224000,0.5801045716583992,29511000
2014-03-31,155823000,43646000,2014-05-05,0.56,0.39,67272000,61215000,14436000,0.6487989059341182,46779000
2014-06-30,140793000,37719000,2014-08-11,0.497,0.4,67071000,21046000,14410000,0.5623742004741245,6636000
2014-09-30,134441000,33233000,2014-11-05,0.57,0.41,67017000,67430000,13243000,0.49588910276497006,54187000
2014-12-31,140888000,38554000,2015-03-31,0.54,,66416000,43346000,8271000,0.5804926523729221,35075000
2015-03-31,135969000,35862000,2015-05-04,0.51,,66555000,66783000,7806000,0.5388325445120576,58977000
2015-06-30,139119000,33875000,2015-08-10,0.48,,66684000,33605000,4177000,0.5079929218403215,29428000
2015-09-30,143746000,32019000,2015-11-05,0.52,,66662000,79593000,3847000,0.48031862230356126,75746000
2015-12-31,133654000,34970000,2016-02-26,0.4997,,66014000,23668000,4001000,0.5297361165813312,19667000
2016-03-31,137988000,32984000,2016-05-13,0.45,,66118082,66372000,4941000,0.4988650457222882,61431000
2016-06-30,134507000,29688000,2016-08-08,0.54,,66944220,36783000,2219000,0.44347368600306347,34564000
2016-09-30,137154000,35787000,2016-11-07,0.5298,,66291556,53552000,5420000,0.5398425102587726,48132000
2016-12-31,139967000,35473000,2017-02-27,0.48,,65994000,46513000,26276000,0.5375185622935419,20237000
2017-03-31,134696000,32004000,2017-05-08,0.48,,66747499,64394000,3962000,0.47947863934197743,60432000
2017-06-30,137137000,40569000,2017-08-07,0.61,,66715171,39620000,3653000,0.6080925731270328,35967000
2017-09-30,148311000,39628000,2017-11-08,0.59,,66745350,70509000,2688000,0.5937192628400331,67821000
2017-12-31,145398000,45235000,2018-02-28,0.63,,66092000,22296000,4012000,0.6844247412697452,18284000
2018-03-31,150382000,53420000,2018-05-07,0.8,,66863895,53177000,3519000,0.7989364065614185,49658000
2018-06-30,157369000,52887000,2018-08-07,0.79,,66932113,49040000,6755000,0.7901588285431838,42285000
2018-09-30,160877000,51095000,2018-11-07,0.77,,66423000,76513000,5982000,0.7692365596254309,70531000
2018-12-31,162236000,58529000,2019-02-27,0.86,,65618000,51117000,5139000,0.8919656191898564,45978000
2019-03-31,160192000,51906000,2019-05-09,0.79,,65831000,67698000,6130000,0.7884735155170056,61568000
2019-06-30,161276000,50020000,2019-08-08,0.76,,65867000,57719000,8279000,0.7594091123020632,49440000
2019-09-30,166816000,51444000,2019-11-06,0.78,,65636000,85770000,9400000,0.783777195441526,76370000
2019-12-31,158943000,51734000,2020-02-27,0.79,,65071000,100378000,5781000,0.7950392648030613,94597000
2020-03-31,151742000,34838000,2020-05-07,0.53,,65229000,56621000,2769000,0.5340875990740315,53852000
2020-06-30,147246000,41509000,2020-08-06,0.65,,63397000,79891000,1824000,0.6547470700506333,78067000
2020-09-30,140100000,42742000,2020-11-05,0.67,,63386292,78335000,1652000,0.6743098334258139,76683000
2020-12-31,138499000,48229000,2021-02-25,0.76,,63269966,90286000,480000,0.7622732087448886,89806000
2021-03-31,134111000,50771000,2021-05-06,0.8,,63419706,95505000,1614000,0.8005555875645339,93891000
2021-06-30,195885000,92026000,2021-08-05,1.45,,63519000,70493000,2645000,1.4487948487854028,67848000
2021-09-30,148401000,54599000,2021-11-10,0.86,,63499000,58450000,1811000,0.8598403124458653,56639000
2021-12-31,142032000,56526000,2022-02-24,0.89,,63372777,67233000,4320000,0.8919602813050153,62913000
2022-03-31,139944000,53493000,2022-05-05,0.84,,63498268,79097000,2486000,0.8424324266608343,76611000
2022-06-30,152826000,57971000,2022-08-04,0.92,,63085429,88285000,6085000,0.9189285215132642,82200000
2022-09-30,199689000,83356000,2022-11-03,1.3364,,62371475,121125000,4227000,1.3364442639844576,116898000
2022-12-31,220456000,105412000,2023-02-23,1.68,,62745238,99434000,6415000,1.6800000025499944,93019000
2023-03-31,228511000,101643000,2023-05-04,1.63,,62282328,142690000,4290000,1.6319717528863082,138400000
2023-06-30,235826000,100485000,2023-08-03,1.6154,,62205297,85249000,5595000,1.6153769027097484,79654000
2023-09-30,249560000,103264000,2023-11-02,1.66,,62654000,113721000,9194000,1.6481629265489832,104527000
2023-12-31,256206000,106376000,2024-02-26,1.7101,,62205000,132772000,8418000,1.7100876135358893,124354000
2024-03-31,254331000,97331000,2024-05-02,1.5631,,62267000,135395000,6541000,1.5631233237509434,128854000
2024-06-30,259192000,96980000,2024-08-01,1.5569,,62292000,107194000,2341000,1.5568612341873755,104853000
2024-09-30,266499000,99772000,2024-11-04,1.6012,,62292000,116477000,6911000,1.6016823990239517,109566000
2024-12-31,262882000,115084000,2025-02-24,1.8467,,62320000,114882000,1646000,1.8466623876765083,113236000
2025-03-31,251642000,96892000,2025-04-30,1.5551,,62305000,140464000,7378000,1.5551239868389375,133086000
2025-06-30,261631000,100142000,2025-08-07,1.61,0.0,62232768,95495000,3864000,1.6091522716778401,91631000
2025-09-30,272629000,108375000,2025-11-06,1.7411,,62232768,115154000,2934000,1.7414459212227231,112220000
