fiscalDateEnding,totalRevenue,netIncome,reportedDate,reportedEPS,estimatedEPS,commonStockSharesOutstanding,operatingCashflow,capitalExpenditures,eps_computed_simple,freeCashFlow
2005-09-30,331762000,-126105000,2005-11-16,-2.026,,63685492,-27449000,15098000,-1.980121312401889,-42547000
2006-03-31,500026000,48741000,2006-05-12,0.7434,,63685492,-29761000,105327000,0.7653391450599141,-135088000
2006-06-30,507599000,77533000,2006-08-09,1.0602,,66442654,128079000,145635000,1.1669160596745578,-17556000
2006-09-30,373260000,103102000,2006-11-09,1.6031,,63685492,143694000,96610000,1.6189244482872174,47084000
2006-12-31,375068000,563472000,2007-03-06,8.7915,,63685492,48176000,26126000,8.847729401226891,22050000
2007-03-31,351379000,94656000,2007-05-10,1.5017,,63685492,-12138000,27010000,1.486303976422134,-39148000
2007-06-30,191372000,-25519000,2007-08-08,-0.3968,,63685492,19584000,3901000,-0.4007035071661219,15683000
2007-09-30,214540000,13849000,2007-11-12,0.5006,,68805494,-2316549000,5436000,0.20127753170408166,-2321985000
2007-12-31,959153000,25839000,2008-03-18,-0.0198,,71452495,-606715000,54019000,0.36162488097861384,-660734000
2008-03-31,476880000,483066000,2008-05-13,-6.5222,,72069200,-181263000,18702000,6.702807856893097,-199965000
2008-06-30,-149690000,-98843000,2008-08-12,-1.3219,,72069200,-63360000,6341000,-1.371501279325981,-69701000
2008-09-30,1795293000,23250000,2008-11-06,0.3121,,72069200,197377000,674377000,0.322606605873244,-477000000
2008-12-31,236369000,-458568000,2009-03-05,6.61,,76187440,888246000,94580000,-6.01894485495247,793666000
2009-03-31,1766000000,1000000,2009-05-07,0.0128,,77217000,-341000000,51000000,0.01295051607806571,-392000000
2009-06-30,1497000000,127250000,2009-08-06,1.5276,,87512600,48000000,47000000,1.4540763272945838,1000000
2009-09-30,2182000000,108000000,2009-11-05,1.3397,,86483040,530000000,60000000,1.2487997646706221,470000000
2009-12-31,1694000000,-7000000,2010-03-04,-0.1461,,81335240,28000000,33000000,-0.08606355621499365,-5000000
2010-03-31,1489000000,15000000,2010-05-07,-0.7695,,82364800,80000000,46000000,0.18211663234779907,34000000
2010-06-30,2089000000,-116000000,2010-08-05,-1.2023,,87512600,-47000000,63000000,-1.3255234103431963,-110000000
2010-09-30,1999000000,292000000,2010-11-05,3.2205,,92660400,277000000,80000000,3.151292245662656,197000000
2010-12-31,2175000000,82000000,2011-03-07,0.9618,,90404676,201000000,113000000,0.9070327291477711,88000000
2011-03-31,2452000000,235250000,2011-05-04,2.5114,,93106184,-447000000,115000000,2.5266850158953997,-562000000
2011-06-30,1800000000,64000000,2011-08-08,3.0211,,93627485,1827000000,103000000,0.6835599610520351,1724000000
2011-09-30,2497000000,-39000000,2011-11-02,-0.4292,,87986480,480000000,141000000,-0.44324991748732306,339000000
2011-12-31,2339000000,255000000,2012-03-09,2.7862,,94852122,135000000,122000000,2.6883953107554093,13000000
2012-03-31,2601000000,48000000,2012-04-30,0.4837,,99527373,85000000,197000000,0.48227938257749453,-112000000
2012-06-30,1704000000,-59000000,2012-08-07,2.1994,,107569989,1322000000,232000000,-0.548480115583167,1090000000
2012-09-30,1602000000,-11000000,2012-11-07,0.7562,,103548681,-69000000,73000000,-0.10623022807987288,-142000000
2012-12-31,4320000000,18000000,2013-03-15,0.1773,,105559335,146000000,273000000,0.17052021026847128,-127000000
2013-03-31,4763000000,271000000,2013-05-03,2.53,3.57,109580643,41000000,278000000,2.473064517425765,-237000000
2013-06-30,4700000000,53000000,2013-08-07,0.53,1.56,111591297,393000000,231000000,0.47494743250452587,162000000
2013-09-30,4394000000,463000000,2013-11-04,4.0756,1.59,113601951,-120000000,276000000,4.0756342292043914,-396000000
2013-12-31,4916000000,218000000,2014-03-03,1.8856,1.53,114607278,403000000,376000000,1.9021479595737367,27000000
2014-03-31,4927000000,-29000000,2014-05-07,0.03,1.69,117623259,-802000000,282000000,-0.24654987667022557,-1084000000
2014-06-30,5190000000,479000000,2014-08-05,4.26,2.66,118628586,-36000000,305000000,4.037812606145368,-341000000
2014-09-30,4907000000,-355000000,2014-10-22,0.13,2.58,120639240,219000000,399000000,-2.942657795257994,-180000000
2014-12-31,4298000000,-478000000,2015-02-24,-3.79,1.74,122649894,229000000,425000000,-3.8972720188408805,-196000000
2015-03-31,3894000000,158000000,2015-04-29,1.25,1.31,124660548,-186000000,363000000,1.267441885463234,-549000000
2015-06-30,4326000000,208000000,2015-08-06,1.66,2.35,124660548,339000000,366000000,1.6685310897237513,-27000000
2015-09-30,4086000000,-440000000,2015-11-05,-3.35,1.48,127676529,357000000,338000000,-3.4462089739297346,19000000
2015-12-31,3684000000,-1127000000,2016-02-29,-8.45,1.14,129687183,204000000,292000000,-8.690141723565697,-88000000
2016-03-31,3994000000,-837000000,2016-05-05,-6.13,1.19,132000000,610000000,210000000,-6.340909090909091,400000000
2016-06-30,4617000000,-69000000,2016-07-27,-0.49,1.2,135000000,382000000,211000000,-0.5111111111111111,171000000
2016-09-30,4880000000,-16000000,2016-11-03,-0.12,-0.63,139740414,330000000,194000000,-0.11449801486919883,136000000
2016-12-31,3900000000,-202000000,2017-03-01,-1.42,-0.25,142756394,333000000,211000000,-1.4149979159602477,122000000
2017-03-31,4692000000,-18000000,2017-05-09,-0.12,0.2,149000000,-614000000,231000000,-0.12080536912751678,-845000000
2017-06-30,2939000000,1522000000,2017-08-08,-0.02,0.49,160000000,-538000000,239000000,9.5125,-777000000
2017-09-30,3058000000,586000000,2017-11-03,3.53,0.22,166000000,43000000,222000000,3.5301204819277108,-179000000
2017-12-31,1993000000,292000000,2018-03-01,-1.51,0.56,170000000,-327000000,299000000,1.7176470588235293,-626000000
2018-03-31,2833000000,129000000,2018-05-03,0.77,0.58,175000000,-595000000,220000000,0.7371428571428571,-815000000
2018-06-30,3570000000,296000000,2018-08-02,0.9,0.56,178000000,109000000,64000000,1.6629213483146068,45000000
2018-09-30,3040000000,116000000,2018-11-08,0.68,0.91,183000000,812000000,132000000,0.6338797814207651,680000000
2018-12-31,1448000000,1498000000,2019-02-28,8.03,5.83,186000000,589000000,352000000,8.053763440860216,237000000
2019-03-31,3030000000,-386000000,2019-05-02,-2.02,0.32,191000000,-288000000,65000000,-2.020942408376963,-353000000
2019-06-30,2393000000,-488000000,2019-08-06,-2.37,0.32,196000000,-1524000000,67000000,-2.489795918367347,-1591000000
2019-09-30,2327000000,-48000000,2019-11-05,-0.24,0.44,202000000,-56000000,63000000,-0.2376237623762376,-119000000
2019-12-31,3468000000,-154000000,2020-02-28,-0.74,0.46,209000000,408000000,55000000,-0.7368421052631579,353000000
2020-03-31,-2317000000,-1356000000,2020-05-08,-6.34,-0.79,214000000,-1373000000,53000000,-6.336448598130841,-1426000000
2020-06-30,3835000000,293000000,2020-08-07,1.36,-0.45,215000000,235000000,62000000,1.3627906976744186,173000000
2020-09-30,1250000000,-700000000,2020-11-06,-3.14,-0.18,223000000,1862000000,40000000,-3.1390134529147984,1822000000
2020-12-31,3898000000,143000000,2021-02-26,0.61,-0.47,233000000,-1140000000,44000000,0.6137339055793991,-1184000000
2021-03-31,3687000000,159000000,2021-05-07,0.65,-0.24,245000000,-551000000,47000000,0.6489795918367347,-598000000
2021-06-30,3367000000,-134000000,2021-08-06,-0.53,-0.05,251000000,187000000,111000000,-0.5338645418326693,76000000
2021-09-30,2611000000,-145000000,2021-11-02,-0.55,0.11,266000000,430000000,81000000,-0.5451127819548872,349000000
2021-12-31,2618000000,-484000000,2022-02-25,-1.72,0.13,281000000,255000000,66000000,-1.7224199288256228,189000000
2022-03-31,4312000000,317000000,2022-05-06,1.06,0.13,299000000,1920000000,55000000,1.060200668896321,1865000000
2022-06-30,3244000000,-125000000,2022-08-04,-0.41,0.07,306000000,709000000,99000000,-0.4084967320261438,610000000
2022-09-30,3464000000,-121000000,2022-11-03,-0.37,0.22,324000000,711000000,100000000,-0.3734567901234568,611000000
2022-12-31,3398000000,-250000000,2023-02-24,-0.59,0.15,340000000,-2285000000,84000000,-0.7352941176470589,-2369000000
2023-03-31,2920000000,-265000000,2023-05-10,-0.11,0.19,354000000,265000000,58000000,-0.748587570621469,207000000
2023-06-30,2934000000,-264000000,2023-08-04,-0.72,0.25,367000000,1730000000,73000000,-0.7193460490463215,1657000000
2023-09-30,3110000000,-6000000,2023-11-03,-0.01,0.34,394000000,1627000000,70000000,-0.015228426395939087,1557000000
2023-12-31,2959000000,-136000000,2024-02-28,-0.33,0.21,412000000,115000000,102000000,-0.3300970873786408,13000000
2024-03-31,2238000000,-37000000,2024-05-08,-0.09,0.25,429000000,-251000000,68000000,-0.08624708624708624,-319000000
2024-06-30,2642000000,-325000000,2024-08-07,-0.72,0.19,450000000,893000000,66000000,-0.7222222222222222,827000000
2024-09-30,2706000000,22000000,2024-11-08,0.05,0.21,477000000,-54000000,58000000,0.04612159329140461,-112000000
2024-12-31,2583000000,-96000000,2025-02-26,-0.19,0.18,505000000,244000000,88000000,-0.1900990099009901,156000000
2025-03-31,2011000000,-414000000,2025-05-06,-0.79,0.19,523000000,-182000000,88000000,-0.7915869980879541,-270000000
2025-06-30,2419000000,-162000000,2025-08-04,-0.3,0.15,545000000,275000000,96000000,-0.29724770642201837,179000000
2025-09-30,2725000000,287000000,2025-11-05,0.49,0.17,575000000,15000000,82000000,0.4991304347826087,-67000000
