fiscalDateEnding,totalRevenue,netIncome,reportedDate,reportedEPS,estimatedEPS,commonStockSharesOutstanding,operatingCashflow,capitalExpenditures,eps_computed_simple,freeCashFlow
2005-09-30,590743712,9406896,2005-12-12,0.39,,24400000,28248170,16038093,0.38552852459016396,12210077
2005-12-31,623393899,7770387,2006-02-09,0.3174,,24282459,15880178,30202870,0.3200000049418389,-14322692
2006-03-31,606649492,9441068,2006-04-27,0.3856,,24283308,14683494,13500832,0.3887883808911043,1182662
2006-06-30,659212015,13841969,2006-07-31,0.565,,24284156,32183516,23134400,0.570000003294329,9049116
2006-09-30,722977714,11528131,2006-12-04,0.4709,,24800000,25368267,27464062,0.46484399193548387,-2095795
2006-12-31,685698588,11167585,2007-02-01,0.4557,,24277359,16650150,19185105,0.4599999942333101,-2534955
2007-03-31,681164012,13506744,2007-05-07,0.551,,24557716,36109853,23542100,0.5500000081440799,12567753
2007-06-30,738695131,19745894,2007-08-03,0.8055,,24377647,46309659,53673915,0.809999997128517,-7364256
2007-09-30,746034778,14217473,2007-12-03,0.58,,24500000,42280610,31447689,0.5803050204081632,10832921
2007-12-31,777121292,12692809,2008-01-30,0.5178,,24512261,2735728,60547285,0.5178146968980136,-57811557
2008-03-31,782787385,12994918,2008-05-06,0.5301,,24512261,31951430,53585784,0.5301395085504352,-21634354
2008-06-30,835346746,15973747,2008-08-01,0.6517,,24512261,33073744,69308837,0.6516635491111978,-36235093
2008-09-30,842791023,10461920,2008-12-01,0.43,,24500000,21858548,65337701,0.4270171428571429,-43479153
2008-12-31,804864666,11128303,2009-02-05,0.454,,24512259,27162694,60204064,0.4539892875642347,-33041370
2009-03-31,789175140,7771520,2009-04-27,0.32,1.13,24515259,22426130,43518531,0.31700746053712914,-21092401
2009-06-30,826765973,4736827,2009-08-03,0.19,0.61,24512259,8425874,23677765,0.19324318497124235,-15251891
2009-09-30,830127375,5191796,2009-12-07,0.22,0.4,24500000,44892079,13620402,0.21191004081632653,31271677
2009-12-31,840953201,6017010,2010-01-29,0.25,0.4,24512259,3569280,17680769,0.24546942001551142,-14111489
2010-03-31,837005224,5595134,2010-04-30,0.23,0.33,24504786,55522794,16567364,0.22832821310906368,38955430
2010-06-30,856128148,11444952,2010-07-30,0.48,0.5,24450907,19322997,31026157,0.4680788324130471,-11703160
2010-09-30,855965267,8458004,2010-12-25,0.3128,,24500000,49373344,26751008,0.34522465306122446,22622336
2010-12-31,872753265,7652594,2011-03-26,0.3159,,24466204,20537901,25665471,0.31278223626354135,-5127570
2011-03-31,870370803,7721612,2011-06-25,0.52,,24443259,27560797,17213798,0.3158994469599983,10346999
2011-06-30,910978159,12724690,2011-09-24,0.4485,,24443259,26081510,20143955,0.5205807457998952,5937555
2011-09-30,905819107,10960614,2011-12-24,0.43,,24447457,23048050,34483143,0.4483335015171517,-11435093
2011-12-31,918237929,10597216,2012-03-24,0.2681,,24644186,7370899,63688077,0.43000876555630607,-56317178
2012-03-31,881667028,6512075,2012-06-23,0.5383,,24118519,66354508,39790055,0.27000310425362356,26564453
2012-06-30,917755732,13058606,2012-09-29,0.5473,,24183333,11172656,41408844,0.5399837152306508,-30236188
2012-09-30,991773131,13276446,2012-12-29,0.4768,,24138182,48852705,35741876,0.5500184728079356,13110829
2012-12-31,934977527,11567648,2013-03-30,0.33,,24100000,-5324069,28079634,0.4799853941908714,-33403703
2013-03-31,920694264,8090156,2013-06-29,-0.5958,,24259776,50347938,18966475,0.33348024318114067,31381463
2013-06-30,934015475,-14424223,2013-09-28,0.6838,,24210325,37031786,29730110,-0.5957880780204313,7301676
2013-09-30,955198912,15562310,2013-12-09,0.4189,,22885294,63145027,24676782,0.6800135493124974,38468245
2013-12-31,945124870,9533129,2014-02-03,0.4594,,22759776,9526212,30839703,0.418858647817975,-21313491
2014-03-31,947760587,10454928,2014-05-02,0.6078,,22759776,41223698,20998604,0.4593598812220296,20225094
2014-06-30,978261998,13834230,2014-09-27,0.7946,,22759776,23265881,21257584,0.607836825810588,2008297
2014-09-30,964838498,17604167,2014-12-08,0.74,,22283544,80332990,35242511,0.7900075050898546,45090479
2014-12-31,964496835,15038338,2015-02-05,0.7059,,20259776,-4828280,27573589,0.7422756302932471,-32401869
2015-03-31,915334689,14302210,2015-05-06,0.68,,20259776,63729176,16723033,0.7059411713140362,47006143
2015-06-30,945974494,13776685,2015-08-03,0.8,,20259776,42250362,29227551,0.6800018420736734,13022811
2015-09-30,952837765,16235889,2015-12-10,0.64,,20293750,52313932,30531776,0.8000438065906991,21782156
2015-12-31,951113863,12979423,2016-02-04,0.7087,,20259776,6503029,40639588,0.6406498768791915,-34136559
2016-03-31,924312049,14358411,2016-05-05,0.6253,,20259776,51124667,30584604,0.7087151901383313,20540063
2016-06-30,957177645,12668455,2016-08-03,0.7,,20259776,45958755,36599722,0.6253008424180011,9359033
2016-09-30,962373849,14183176,2016-12-16,0.7,,20261429,55444307,29818218,0.7000086716489741,25626089
2016-12-31,982758339,13823887,2017-02-01,0.68,,20259776,17192249,29278744,0.6823316802712922,-12086495
2017-03-31,946151967,9151447,2017-05-03,0.45,,20259776,48263193,30101886,0.451705240966139,18161307
2017-06-30,984397728,11526706,2017-08-02,0.57,,20259776,41192335,30630106,0.5689453822194283,10562229
2017-09-30,1089391692,19371542,2017-12-06,0.96,,21524444,49692514,37684914,0.8999787404496953,12007600
2017-12-31,1013786078,45146740,2018-02-08,3.55,,20259776,37389314,56780084,2.2283928509377398,-19390770
2018-03-31,984562174,9294788,2018-05-10,0.46,,20259776,30415263,32041251,0.4587803932284345,-1625988
2018-06-30,1034768578,24483658,2018-08-09,0.9135,,20259776,39789379,31709074,1.2084861155424422,8080305
2018-09-30,1059688048,18439443,2018-12-07,0.91,,20262637,53646102,29956099,0.9100218791858138,23690003
2018-12-31,1061836658,22152337,2019-02-07,1.09,,20259776,63587576,70959012,1.0934147050786742,-7371436
2019-03-31,1001843929,15000040,2019-05-08,0.74,,20259776,44624267,23260635,0.7403852836280125,21363632
2019-06-30,1062262169,23510285,2019-08-08,1.16,1.16,20259776,36302229,28998623,1.1604415073493408,7303606
2019-09-30,1076090855,20917341,2019-12-10,1.04,1.04,20113462,66989156,38532753,1.0399672120095487,28456403
2019-12-31,1078354937,17687353,2020-02-06,0.87,0.87,26336869,16249691,31103774,0.6715814624737664,-14854083
2020-03-31,1145482049,40292280,2020-05-07,1.99,1.99,20259776,159108509,25720492,1.988782106969001,133388017
2020-06-30,1189599756,62753042,2020-08-06,3.1,3.1,20259776,53603317,22060233,3.0974203268585003,31543084
2020-09-30,1197172283,57868758,2020-12-08,2.86,2.86,20233916,121155580,43882679,2.859988051744408,77272901
2020-12-31,1190443141,53824087,2021-02-04,2.66,2.66,20259776,57774281,34239257,2.6566970434421386,23535024
2021-03-31,1184554737,52188993,2021-05-05,2.58,2.58,20204154,56909277,35205373,2.5830823205960516,21703904
2021-06-30,1277465132,71974492,2021-08-05,3.03,,18994376,99239749,38508299,3.789252776716645,60731450
2021-09-30,1335456593,71743885,2021-11-24,3.78,,18979894,92373381,32644233,3.779993976784064,59729148
2021-12-31,1391529510,66189018,2022-02-03,3.37,,19019833,94978508,21333456,3.4799999558355745,73645052
2022-03-31,1377118668,68641347,2022-05-05,2.9,,18994376,60502842,12763146,3.6137721502406817,47739696
2022-06-30,1458166802,67762908,2022-08-04,2.87,,18994376,106120803,39072320,3.567524829454782,67048483
2022-09-30,1452020051,70165655,2022-11-23,3.7775,,19015176,77896317,46440052,3.689981886047229,31456265
2022-12-31,1493314107,69371481,2023-02-02,3.65,,19005753,57263002,59336642,3.650025389680693,-2073640
2023-03-31,1380604140,40539805,2023-05-04,2.13,,18994376,37150614,32015703,2.1343057018561704,5134911
2023-06-30,1433868605,48259543,2023-08-03,2.5407,,18994376,82563954,45744803,2.540728002857267,36819151
2023-09-30,1584994880,52641130,2023-11-29,2.8324,,18585530,89433771,36494320,2.8323717429634776,52939451
2023-12-31,1481061830,43393601,2024-02-08,2.2846,,18994376,15541479,63200544,2.28454996363134,-47659065
2024-03-31,1367479701,31898626,2024-05-09,1.6794,,18994376,70432508,35155223,1.679372146787028,35277285
2024-06-30,1393539073,31721599,2024-08-08,1.6701,,18994376,103282022,44673349,1.6700521775498178,58608673
2024-09-30,1397528830,-1472525,2024-12-30,-0.0792,,18412500,73260699,67826486,-0.07997420230821453,5434213
2024-12-31,1288114667,16588340,2025-02-06,0.8733,,18994376,-43647293,37776087,0.8733290317091754,-81423380
2025-03-31,1331273155,15106015,2025-05-07,0.7953,,18994376,63059866,24200867,0.795288826545289,38858999
2025-06-30,1346221519,26198955,2025-08-12,1.38,0.0,18994376,74785565,29407506,1.3793006414109104,45378059
2025-09-30,1368423000,25699000,2025-11-26,1.3824,,18994376,59899755,23116128,1.3529794292794879,36783627
