fiscalDateEnding,totalRevenue,netIncome,reportedDate,reportedEPS,estimatedEPS,commonStockSharesOutstanding,operatingCashflow,capitalExpenditures,eps_computed_simple,freeCashFlow
2005-09-30,1228000,-30210000,2005-11-01,-0.36,-0.38,83414000,-27465000,202000,-0.3621694200014386,-27667000
2005-12-31,1028000,-27556000,2006-02-16,-0.33,-0.31,83645000,-28019000,454000,-0.3294398947934724,-28473000
2006-03-31,6465000,-17306000,2006-05-04,-0.21,-0.26,83627000,15602000,107000,-0.20694273380606742,15495000
2006-06-30,6855000,-20520000,2006-07-27,-0.24,-0.24,83786000,-21040000,158000,-0.24490965077697946,-21198000
2006-09-30,7268000,-15838000,2006-11-02,-0.19,-0.24,83852000,-22747000,304000,-0.18888040833850117,-23051000
2006-12-31,7056000,-20503000,2007-02-15,-0.24,-0.25,83972726,-22182000,999000,-0.24416261060763944,-23181000
2007-03-31,7422000,-22147000,2007-05-03,-0.26,-0.26,83985000,-25352000,155000,-0.263701851521105,-25507000
2007-06-30,10576000,-18439000,2007-07-26,-0.22,-0.27,84136000,-15770000,190000,-0.2191570790149282,-15960000
2007-09-30,6690000,-24494000,2007-11-01,-0.29,-0.27,84213000,-24028000,116000,-0.29085770605488465,-24144000
2007-12-31,9752000,-21801000,2008-02-14,-0.26,-0.28,84407000,-27544000,692000,-0.25828426552300165,-28236000
2008-03-31,1307000,-40157000,2008-04-30,-0.47,-0.47,84602000,-37382000,122000,-0.4746578095080495,-37504000
2008-06-30,614000,-45563000,2008-07-29,-0.54,-0.5,84871000,-32518000,68000,-0.5368500430064451,-32586000
2008-09-30,1061000,-44794000,2008-11-06,-0.48,-0.5,92385000,-38748000,142000,-0.48486226118958703,-38890000
2008-12-31,938000,-48405000,2009-02-18,-0.5,-0.48,97282000,-32212000,366000,-0.4975740630332436,-32578000
2009-03-31,671000,-40036000,2009-05-07,-0.41,-0.41,97340000,-42735000,95000,-0.4113005958495993,-42830000
2009-06-30,789000,-40035000,2009-07-30,-0.41,-0.41,97643000,-29652000,84000,-0.41001403070368586,-29736000
2009-09-30,939000,-43357000,2009-11-05,-0.44,-0.4,98030000,-33840000,134000,-0.44228297459961236,-33974000
2009-12-31,6866000,-88442000,2010-02-18,-0.41,-0.36,118759000,118585000,74000,-0.7447182950344816,118511000
2010-03-31,17288000,-35729000,2010-05-06,-0.3,-0.32,119727000,102823000,306000,-0.2984205734713139,102517000
2010-06-30,49847000,3044000,2010-08-05,0.02,-0.04,128291000,-2766000,598000,0.023727307449470346,-3364000
2010-09-30,16872000,-31701000,2010-11-09,-0.26,-0.32,122189000,-29522000,466000,-0.2594423393267806,-29988000
2010-12-31,85870000,32541000,2011-02-10,0.24,0.19,122966000,27403000,2739000,0.264634126506514,24664000
2011-03-31,31973000,-26512000,2011-05-03,-0.21,-0.32,123467000,-44222000,552000,-0.2147294418751569,-44774000
2011-06-30,16811000,-51870000,2011-07-28,-0.41,-0.36,125330000,-30736000,1075000,-0.413867390090162,-31811000
2011-09-30,16782000,-53078000,2011-10-27,-0.42,-0.45,126260000,-46978000,1180000,-0.420386504039284,-48158000
2011-12-31,28890000,-55079000,2012-02-15,-0.44,-0.39,126391000,-39779000,992000,-0.4357826111036387,-40771000
2012-03-31,36179000,-45426000,2012-04-26,-0.36,-0.46,127203000,-54401000,496000,-0.35711421900426876,-54897000
2012-06-30,86542000,4037000,2012-08-02,0.03,,137969000,8724000,1007000,0.029260196131014937,7717000
2012-09-30,60492000,-21710000,2012-11-01,-0.17,-0.21,130851000,-27145000,406000,-0.16591390207182216,-27551000
2012-12-31,113845000,18779000,2013-02-14,0.14,-0.02,139118000,-22008000,930000,0.13498612688509035,-22938000
2013-03-31,71077000,-15669000,2013-05-02,-0.12,-0.19,134345000,24738000,894000,-0.11663255052290744,23844000
2013-06-30,101675000,-2571000,2013-08-01,0.05,0.08,142284000,8081000,553000,-0.01806949481319052,7528000
2013-09-30,85123000,-22037000,2013-10-31,-0.14,-0.13,155067000,-11950000,789000,-0.14211276416000826,-12739000
2013-12-31,97072000,-42870000,2014-02-12,-0.15,-0.11,161914000,-11689000,2031000,-0.26477018664229157,-13720000
2014-03-31,89792000,-33957000,2014-05-01,-0.21,-0.18,165357000,-31694000,2663000,-0.20535568497251402,-34357000
2014-06-30,99582000,-36873000,2014-07-31,-0.22,-0.04,167914000,-14557000,8699000,-0.21959455435520564,-23256000
2014-09-30,198147000,59293000,2014-10-30,0.33,0.01,189046000,27787000,10659000,0.313643240269564,17128000
2014-12-31,123973000,-36944000,2015-02-12,-0.22,-0.09,169924000,44720000,5855000,-0.21741484428332666,38865000
2015-03-31,159275000,-18359000,2015-04-30,-0.11,-0.1,172070000,-4586000,3553000,-0.10669494972976114,-8139000
2015-06-30,162984000,9294000,2015-08-04,-0.09,-0.11,186493000,13390000,2196000,0.04983565066785348,11194000
2015-09-30,187611000,-39582000,2015-11-03,-0.22,-0.41,181387000,7723000,13358000,-0.21821850518504635,-5635000
2015-12-31,243881000,55176000,2016-02-11,0.29,0.09,193367000,70009000,6896000,0.285343414336469,63113000
2016-03-31,263464000,24047000,2016-05-09,0.12,0.17,192625000,97535000,5562000,0.12483841661258922,91973000
2016-06-30,246288000,34425000,2016-08-09,0.19,-0.02,193015000,17572000,82214000,0.17835401393674066,-64642000
2016-09-30,269469000,36877000,2016-11-01,0.19,-0.01,194265000,95271000,16629000,0.18982832728489435,78642000
2016-12-31,326498000,8873000,2017-02-14,0.05,0.13,195187000,94378000,15872000,0.04545897011583763,78506000
2017-03-31,384082000,-187083000,2017-05-04,-0.68,-1.0,195260000,-173638000,20967000,-0.9581225033288948,-194605000
2017-06-30,326444000,-12484000,2017-08-01,-0.06,-0.05,205141000,116794000,30499000,-0.06085570412545518,86295000
2017-09-30,381534000,36054000,2017-10-31,0.08,0.07,212610000,53123000,34304000,0.16957810074784818,18819000
2017-12-31,444156000,-149629000,2018-02-15,-0.71,-0.45,211125000,-89267000,25251000,-0.7087223208999408,-114518000
2018-03-31,382282000,-41140000,2018-05-01,-0.01,0.04,211681000,20838000,12590000,-0.1943490440804796,8248000
2018-06-30,521515999,52394000,2018-07-31,0.26,0.34,215103000,32403000,10791000,0.2435763331985142,21612000
2018-09-30,449683000,29176000,2018-10-30,0.38,0.4,215964000,199148000,24821000,0.13509659017243614,174327000
2018-12-31,528402000,69063000,2019-02-14,0.4,0.46,216042000,83838000,25281000,0.3196739522870553,58557000
2019-03-31,497857000,102312000,2019-04-30,0.62,0.4,217061000,155663000,18267000,0.47135137127351295,137396000
2019-06-30,529932000,105318000,2019-07-30,0.75,0.48,217483000,152960000,47294000,0.4842585397479343,105666000
2019-09-30,551581000,128271000,2019-10-29,0.82,0.65,217791000,270415000,16812000,0.5889637312836619,253603000
2019-12-31,579389000,111005000,2020-02-13,0.65,0.57,218542000,131618000,29315000,0.5079344016253169,102303000
2020-03-31,568507000,-720642000,2020-05-05,-2.86,0.61,216721000,-683417000,39265000,-3.325206140613969,-722682000
2020-06-30,688043000,290298000,2020-08-04,1.24,0.87,220434000,269382000,43860000,1.3169384033316094,225522000
2020-09-30,620643000,-15203000,2020-11-05,0.23,0.75,218784000,182115000,52821000,-0.06948862805323973,129294000
2020-12-31,789509000,149850000,2021-02-09,0.93,0.75,221228000,107321000,51433000,0.6773554884553492,55888000
2021-03-31,604718000,53535000,2021-05-04,0.67,0.64,221876000,206095000,48083000,0.24128341956768645,158012000
2021-06-30,705709000,149456000,2021-08-03,0.8,0.74,222250000,172944000,66307000,0.6724679415073116,106637000
2021-09-30,812987000,181739000,2021-11-02,1.18,0.75,222248000,255098000,32153000,0.8177306432453836,222945000
2021-12-31,862853000,563851000,2022-02-08,0.1,0.87,221989000,115351000,34463000,2.5399952249886257,80888000
2022-03-31,733235000,37992000,2022-05-03,0.55,0.67,222950000,215741000,17006000,0.17040592061000223,198735000
2022-06-30,911397000,161432000,2022-08-02,1.01,0.76,223661000,174157000,11743000,0.7217708943445661,162414000
2022-09-30,823303000,112775000,2022-11-01,0.6,0.72,224175000,296381000,27811000,0.5030668004906881,268570000
2022-12-31,926700000,28461000,2023-02-07,0.62,0.58,224840000,283662000,21273000,0.12658334815869063,262389000
2023-03-31,808673000,21703000,2023-05-02,0.37,0.76,225589000,-105603000,26906000,0.09620593202682755,-132509000
2023-06-30,954610000,203548000,2023-08-01,0.99,0.83,225649000,306526000,7337000,0.9020558477990153,299189000
2023-09-30,919025000,171269000,2023-10-31,1.1,1.02,226167000,147835000,10976000,0.7572678595904796,136859000
2023-12-31,1013341000,201079000,2024-02-13,1.06,1.16,226125000,147729000,2267000,0.8892382531785517,145462000
2024-03-31,880889000,169548000,2024-04-30,0.64,0.84,227219000,218811000,9549000,0.7461875987483441,209262000
2024-06-30,1043759000,-444601000,2024-07-30,-1.82,-1.55,218175000,-575563000,55543000,-2.0378182651541192,-631106000
2024-09-30,1137871000,106456000,2024-10-29,0.54,0.79,195838000,310871000,17687000,0.5435921526976378,293184000
2024-12-31,1178698000,201212000,2025-02-10,1.43,1.55,197423000,381218000,17384000,1.0191922926913277,363834000
2025-03-31,1052897999,158203000,2025-04-29,0.8,0.76,198197000,266067000,3169000,0.7982108710020838,262898000
2025-06-30,1215529000,404999000,2025-07-29,1.57,1.47,198744000,44741000,19074000,2.037792335869259,25667000
2025-09-30,1365980000,424169000,2025-10-28,2.26,1.64,201429000,559389000,14747000,2.105799065675747,544642000
