fiscalDateEnding,totalRevenue,netIncome,reportedDate,reportedEPS,estimatedEPS,commonStockSharesOutstanding,operatingCashflow,capitalExpenditures,eps_computed_simple,freeCashFlow
2005-09-30,46362000,8687000,2005-10-20,0.56,0.55,15538000,18690000,1334000,0.5590809628008753,17356000
2005-12-31,47585000,8563000,2006-01-19,0.55,0.56,15344000,11161000,1854000,0.5580683003128258,9307000
2006-03-31,47121000,7904000,2006-04-11,0.51,0.53,15497000,10028000,656000,0.5100342001677745,9372000
2006-06-30,48429000,8290000,2006-07-18,0.55,0.55,15162000,8510000,1373000,0.5467616409444664,7137000
2006-09-30,49858000,8556000,2006-10-19,0.58,0.58,14874000,8581000,965000,0.5752319483662768,7616000
2006-12-31,48929000,8102000,2007-01-18,0.57,0.57,14466000,6230000,1195000,0.56007189271395,5035000
2007-03-31,47916000,6626000,2007-04-11,0.47,0.5,14630000,9648000,2167000,0.45290498974709503,7481000
2007-06-30,47642000,5714000,2007-07-19,0.51,0.49,14285000,7724000,726000,0.4,6998000
2007-09-30,47572000,8312000,2007-10-11,0.6,0.52,13900000,16593000,1016000,0.5979856115107913,15577000
2007-12-31,48659000,7730000,2008-01-17,0.56,0.55,14387000,3666000,1916000,0.5372906095780914,1750000
2008-03-31,49317000,6308000,2008-05-05,0.48,0.51,14460000,13681000,2065000,0.43623789764868603,11616000
2008-06-30,52217000,5820000,2008-07-17,0.51,0.56,16347000,4498000,2542000,0.35602862910625804,1956000
2008-09-30,53804000,8815000,2008-10-23,0.51,0.55,16338000,13251000,1350000,0.5395397233443506,11901000
2008-12-31,49136000,3021000,2009-01-26,0.18,0.47,16286000,-9332000,2204000,0.1854967456711286,-11536000
2009-03-31,53884000,6388000,2009-04-29,0.32,0.26,16304000,-2363000,1453000,0.39180569185475955,-3816000
2009-06-30,66029000,660000,2009-07-23,-0.19,0.34,20386000,17026000,997000,0.03237515942313352,16029000
2009-09-30,63197000,6841000,2009-10-22,0.33,0.47,20970000,29487000,756000,0.3262279446828803,28731000
2009-12-31,61559000,9101000,2010-01-21,0.43,0.48,20938000,-16271000,3535000,0.43466424682395643,-19806000
2010-03-31,60898000,9227000,2010-04-15,0.44,0.43,21008000,24948000,2108000,0.4392136329017517,22840000
2010-06-30,62257000,8030000,2010-07-22,0.38,0.45,21056000,-9042000,1528000,0.3813639817629179,-10570000
2010-09-30,62242000,11145000,2010-10-21,0.53,0.48,21034000,25515000,1506000,0.5298564229342968,24009000
2010-12-31,63506000,11838000,2011-01-20,0.56,0.53,21298000,7584000,1880000,0.5558268382007701,5704000
2011-03-31,61556000,11188000,2011-04-14,0.52,0.49,21344000,39652000,1995000,0.5241754122938531,37657000
2011-06-30,62948000,11120000,2011-07-14,0.52,0.54,21481000,-589000,1219000,0.517666775289791,-1808000
2011-09-30,61250000,11959000,2011-10-20,0.56,0.55,21477000,-3372000,2719000,0.5568282348558924,-6091000
2011-12-31,62698000,11169000,2012-01-19,0.54,0.54,21561000,19840000,2384000,0.5180186447752887,17456000
2012-03-31,61146000,12183000,2012-04-12,0.56,0.5,21585000,9164000,2762000,0.5644197359277275,6402000
2012-06-30,62712000,8874000,2012-07-19,0.54,0.52,21644000,20953000,1127000,0.4099981519127703,19826000
2012-09-30,64015000,11601000,2012-10-18,0.55,0.56,21706000,-608000,1062000,0.5344605178291717,-1670000
2012-12-31,68423000,9968000,2013-01-24,0.61,0.56,22318000,12175000,1312000,0.44663500313648175,10863000
2013-03-31,65874000,12252000,2013-04-25,0.58,0.55,22870000,26363000,1478000,0.5357236554438128,24885000
2013-06-30,66699000,12758000,2013-07-11,0.58,0.59,22940000,46349000,2743000,0.5561464690496949,43606000
2013-09-30,67628000,14655000,2013-10-17,0.63,0.6,23047000,44352000,1900000,0.6358745172907537,42452000
2013-12-31,69251000,10588000,2014-01-23,0.61,0.62,23481000,26306000,3172000,0.4509177632979856,23134000
2014-03-31,70496000,13383000,2014-04-17,0.51,0.56,23919000,14713000,2455000,0.5595133575818387,12258000
2014-06-30,70020000,14746000,2014-07-17,0.64,0.63,23992000,15855000,1460000,0.6146215405135045,14395000
2014-09-30,71466000,15738000,2014-10-16,0.66,0.65,24002000,36794000,2072000,0.6556953587201066,34722000
2014-12-31,73733000,15978000,2015-01-22,0.66,0.67,24055000,25471000,1691000,0.6642278112658491,23780000
2015-03-31,72986000,9460000,2015-04-16,0.38,0.61,25040000,7425000,1481000,0.3777955271565495,5944000
2015-06-30,78145000,17451000,2015-07-16,0.69,0.65,26221000,30447000,3056000,0.6655352579993136,27391000
2015-09-30,79475000,18594000,2015-10-15,0.71,0.69,26264000,24203000,2309000,0.7079652756625038,21894000
2015-12-31,77147000,19455000,2016-01-21,0.74,0.7,26291000,27468000,3642000,0.7399870678178845,23826000
2016-03-31,78867000,18611000,2016-04-21,0.71,0.69,26319000,1543000,2750000,0.7071317299289487,-1207000
2016-06-30,81508000,20374000,2016-07-21,0.77,0.74,26352000,12505000,1253000,0.7731481481481481,11252000
2016-09-30,81174000,20484000,2016-10-20,0.78,0.76,26377000,25726000,2019000,0.7765856617507677,23707000
2016-12-31,85190000,17179000,2017-01-19,0.64,0.79,26770000,53562000,4373000,0.641725812476653,49189000
2017-03-31,83316000,20725000,2017-04-20,0.76,0.78,27111000,37434000,5457000,0.7644498543026815,31977000
2017-06-30,88677000,20563000,2017-07-20,0.75,0.78,27332000,11776000,8725000,0.7523415776379335,3051000
2017-09-30,91555000,23852000,2017-10-19,0.87,0.89,27513000,39217000,4461000,0.8669356304292516,34756000
2017-12-31,95862000,22064000,2018-01-18,0.89,0.89,27523000,42482000,6437000,0.8016567961341423,36045000
2018-03-31,93612000,27555000,2018-04-19,1.0,1.05,27554000,33883000,2803000,1.0000362923713435,31080000
2018-06-30,101054000,31118000,2018-07-19,1.13,1.09,27581000,33761000,2904000,1.1282404553859542,30857000
2018-09-30,106139000,33015000,2018-10-18,1.14,1.2,27601000,36150000,2416000,1.1961523133219811,33734000
2018-12-31,110377000,29934000,2019-01-17,1.07,1.2,27874000,38043000,2983000,1.0739039965559303,35060000
2019-03-31,113076000,35225000,2019-04-18,1.25,1.29,28161000,34168000,3713000,1.2508433649373247,30455000
2019-06-30,149330000,30628000,2019-07-18,1.42,1.31,34355370,-49028000,3244000,0.8915054618826693,-52272000
2019-09-30,151440000,51845000,2019-10-17,1.49,1.41,34400566,152096000,4796000,1.5070972960154203,147300000
2019-12-31,142780000,47477000,2020-01-16,1.51,1.39,34421198,79286000,4830000,1.3792953981438996,74456000
2020-03-31,132016000,26751000,2020-04-23,0.78,1.19,34221000,-10403000,1749000,0.7817129832558956,-12152000
2020-06-30,128155000,24902000,2020-07-23,0.76,0.62,32972859,-2959000,3437000,0.7552272006500862,-6396000
2020-09-30,125477000,34873000,2020-10-22,1.07,0.81,32977000,24185000,3097000,1.0574946174606543,21088000
2020-12-31,123240000,34641000,2021-01-21,1.17,1.03,32990000,53813000,4303000,1.0500454683237344,49510000
2021-03-31,123702000,41711000,2021-04-22,1.26,1.09,33025000,67464000,2524000,1.263012869038607,64940000
2021-06-30,120504000,37572000,2021-07-22,1.17,1.08,33055000,50289000,4446000,1.136651036151868,45843000
2021-09-30,118126000,40007000,2021-10-21,1.21,1.02,33059000,39042000,9144000,1.210169696603043,29898000
2021-12-31,153650000,1702000,2022-01-20,1.63,1.1,40375000,33425000,9086000,0.04215479876160991,24339000
2022-03-31,165126000,53097000,2022-04-21,1.23,1.26,47387000,75528000,8335000,1.1204971827716463,67193000
2022-06-30,174160000,61776000,2022-07-21,1.32,1.26,46679000,96910000,7818000,1.3234216671308296,89092000
2022-09-30,196230000,71897000,2022-10-20,1.57,1.42,45856000,133421000,1866000,1.5678864270760642,131555000
2022-12-31,214321000,77043000,2023-01-19,1.69,1.65,45662000,115341000,4053000,1.6872454119399063,111288000
2023-03-31,213006000,61247000,2023-04-20,1.36,1.54,45024000,51466000,4219000,1.3603189410092396,47247000
2023-06-30,227233000,62644000,2023-07-20,1.42,1.36,44137000,90764000,2427000,1.419308063529465,88337000
2023-09-30,234152000,60808000,2023-10-19,1.38,1.33,44147000,81259000,2895000,1.3773982377058465,78364000
2023-12-31,236941000,54803000,2024-01-18,1.26,1.24,43484000,53505000,6303000,1.2603026400515132,47202000
2024-03-31,235510000,47770000,2024-04-18,1.12,1.15,42567000,51145000,4464000,1.1222308360936877,46681000
2024-06-30,242592000,51330000,2024-07-18,1.21,1.12,42473000,65649000,3733000,1.2085324794575378,61916000
2024-09-30,249459000,42947000,2024-10-17,1.01,1.03,42501000,70237000,5855000,1.0104938707324533,64382000
2024-12-31,246576000,50034000,2025-01-16,1.21,1.16,42515000,42890000,6383000,1.1768552275667412,36507000
2025-03-31,242524000,44424000,2025-04-17,1.06,1.17,42573000,13342000,2032000,1.0434782608695652,11310000
2025-06-30,252500000,51101000,2025-07-17,1.25,1.21,42641131,106719000,4218000,1.198396918693362,102501000
2025-09-30,832110000,129787000,2025-10-16,1.55,1.54,45083970,52164000,6250000,2.878783745087223,45914000
