fiscalDateEnding,totalRevenue,netIncome,reportedDate,reportedEPS,estimatedEPS,commonStockSharesOutstanding,operatingCashflow,capitalExpenditures,eps_computed_simple,freeCashFlow
2005-09-30,18075000000,1878000000,2005-11-10,0.7394,,2183720930,20314965900.0,270602730.0,0.8600000000915868,20044363170.0
2005-12-31,56977569000,2139293000,2006-02-16,0.6525,,2157600000,6494585710.0,1226530170.0,0.9915151093807935,5268055540.0
2006-03-31,19234283000,2004774000,2006-05-11,0.8587,,2156740925,3048411950.0,74250900.0,0.9295386278256856,2974161050.0
2006-06-30,31717995000,2015195000,2006-08-10,0.8944,,2188881333,9667272850.0,109660100.0,0.9206506399495161,9557612750.0
2006-09-30,29653299000,1569616000,2006-11-09,0.6972,,2152350081,-4422405800.0,129697080.0,0.7292568313379314,-4552102880.0
2006-12-31,67345820000,2106940000,2007-02-15,0.9234,,2274000000,1287309600.0,254391920.0,0.9265347405452946,1032917680.0
2007-03-31,33798233000,1893108000,2007-05-16,0.8615,,2151974132,-8380129200.0,71861760.0,0.8797076005000974,-8451990960.0
2007-06-30,18956000000,2735000000,2007-08-08,1.191,,2274000000,8512000000.0,357000000.0,1.202726473175022,8155000000.0
2007-09-30,36634854000,2306935000,2007-11-07,1.32,1.38,2163367072,22539223210.0,17537270.0,1.0663631844351193,22521685940.0
2007-12-31,38077947000,2479971000,2008-02-20,1.83,0.89,2244000000,-10960507960.0,203591900.0,1.1051564171122994,-11164099860.0
2008-03-31,41340000000,1540000000,2008-05-14,1.18,1.13,2081081081,-4367000000.0,453000000.0,0.7400000000288312,-4820000000.0
2008-06-30,17427000000,1946000000,2008-08-13,1.42,1.25,2244000000,-6667000000.0,157000000.0,0.8672014260249554,-6824000000.0
2008-09-30,37974000000,-477000000,2008-11-12,-0.18,0.68,2030000000,13601000000.0,123745740.0,-0.23497536945812808,13477254260.0
2008-12-31,36250137000,-3707934000,2009-02-18,-1.8516,,2033333333,10258988950.0,416490030.0,-1.8235740986596023,9842498920.0
2009-03-31,12849000000,-794000000,2009-05-13,-0.3914,,2026000000,-22753000000.0,516000000.0,-0.39190523198420535,-23269000000.0
2009-06-30,10871000000,528000000,2009-08-12,0.0366,,2636500000,-2584000000.0,0.0,0.20026550350843922,-2584000000.0
2009-09-30,11811000000,727000000,2009-11-11,0.2701,,2026300000,3115000000.0,0.0,0.3587820164832453,3115000000.0
2009-12-31,21126000000,-1200000000,2010-02-17,-0.3538,,3785000000,-5178000000.0,2399177000.0,-0.31704095112285335,-7577177000.0
2010-03-31,14050000000,923000000,2010-05-12,0.4841,,3727272727,,0.0,0.24763414635958297,
2010-06-30,14501000000,527000000,2010-08-11,0.3655,,3785900000,7144758000.0,0.0,0.13920071845532106,7144758000.0
2010-09-30,12791000000,1043000000,2010-12-31,0.1766,,3781000000,,0.0,0.2758529489553028,
2010-12-31,67191000000,465000000,2011-03-31,0.5073,,3782300000,,2403016000.0,0.12294106760436771,
2011-03-31,13750000000,1354000000,2011-06-30,-0.0395,,3732432432,,0.0,0.3627661115554255,
2011-06-30,10355000000,1271000000,2011-08-04,0.58,0.52,3767500000,,0.0,0.33735899137358993,
2011-09-30,11764000000,1099000000,2011-11-03,0.47,0.52,3760000000,1047677000.0,0.0,0.2922872340425532,1047677000.0
2011-12-31,42694000000,120000000,2012-02-09,-0.18,0.32,3785000000,11918295000.0,2188545000.0,0.031704095112285335,9729750000.0
2012-03-31,11688000000,705000000,2012-05-09,0.25,0.47,3785000000,3384169000.0,0.0,0.18626155878467635,3384169000.0
2012-06-30,33916000000,789000000,2012-08-08,0.34,0.44,3806250000,,0.0,0.20729064039408868,
2012-09-30,9583000000,719000000,2012-11-07,0.24,0.36,3806250000,-6013000000.0,0.0,0.18889983579638753,-6013000000.0
2012-12-31,33063000000,1046000000,2013-02-13,0.13,0.47,3804000000,-13084000000.0,423000000.0,0.27497371188222924,-13507000000.0
2013-03-31,6933000000,889000000,2013-05-08,0.28,0.24,3794000000,-19086000000.0,0.0,0.23431734317343172,-19086000000.0
2013-06-30,-340000000,574000000,2013-08-07,0.33,0.24,3891304348,1526000000.0,0.0,0.14750837988167562,1526000000.0
2013-09-30,3189000000,777000000,2013-11-06,0.31,0.32,4266666667,-10230000000.0,0.0,0.1821093749857727,-10230000000.0
2013-12-31,3219000000,625000000,2014-02-12,0.14,0.28,3850000000,-6213000000.0,470000000.0,0.16233766233766234,-6683000000.0
2014-03-31,13385000000,-1917000000,2014-05-07,-0.6841,,3844200000,8805000000.0,0.0,-0.4986733260496332,8805000000.0
2014-06-30,12491000000,1067000000,2014-09-30,0.3408,,3857700000,-7192000000.0,0.0,0.27658967778728255,-7192000000.0
2014-09-30,12656000000,928000000,2014-11-05,0.0478,,3862100000,2879000000.0,0.0,0.24028378343388312,2879000000.0
2014-12-31,12266000000,888000000,2015-02-11,0.3259,,3854562387,7527000000.0,409000000.0,0.23037634648096306,7118000000.0
2015-03-31,13223000000,1769000000,2015-05-07,0.5147,,3863700000,-3982000000.0,0.0,0.45785128244946555,-3982000000.0
2015-06-30,12542000000,1359000000,2015-08-05,0.2851,,3869800000,1056000000.0,0.0,0.351180939583441,1056000000.0
2015-09-30,12387000000,1064000000,2015-11-04,0.4755,,3873700000,14631000000.0,0.0,0.27467279345328754,14631000000.0
2015-12-31,12006000000,-182000000,2016-02-04,0.221,,3900000000,-1128000000.0,390000000.0,-0.04666666666666667,-1518000000.0
2016-03-31,3823000000,751000000,2016-05-10,0.3844,0.0,3869400000,,0.0,0.19408693854344342,
2016-06-30,4104000000,1359000000,2016-08-04,0.3905,0.0,3875800000,29000000.0,0.0,0.35063728778574743,29000000.0
2016-09-30,4099000000,1348000000,2016-11-03,0.3782,0.0,3877100000,,0.0,0.3476825462330092,
2016-12-31,4353000000,753000000,2017-02-02,0.3869,0.0,3877600000,75000000.0,437908000.0,0.19419228388694038,-362908000.0
2017-03-31,4263000000,1143000000,2017-05-10,0.29,,3878600000,,0.0,0.2946939617387717,
2017-06-30,4239000000,1371000000,2017-08-02,0.65,,3900000000,32000000.0,0.0,0.3515384615384615,32000000.0
2017-09-30,4282000000,1376000000,2017-11-02,0.4134,,3884500000,,0.0,0.35422834341614107,
2017-12-31,4381000000,1015000000,2018-01-31,0.62,,3903846154,74000000.0,365469000.0,0.2599999999897537,-291469000.0
2018-03-31,4489000000,1225000000,2018-05-07,0.3638,0.33,3828125000,0.0,0.0,0.32,0.0
2018-06-30,10674000000,1429000000,2018-08-02,0.4308,0.39,3880000000,26000000.0,1240615511176.1,0.368298969072165,-1240589511176.1
2018-09-30,4682000000,776000000,2018-11-01,0.4439,0.4,3880000000,0.0,0.0,0.2,0.0
2018-12-31,18367000000,1272000000,2019-02-06,0.362,0.33,3857575758,49000000.0,1e+18,0.32974076979877165,-9.99999999951e+17
2019-03-31,4576000000,1119000000,2019-05-02,0.3216,0.32,3858620690,0.0,0.0,0.289999999974084,0.0
2019-06-30,11952000000,1437000000,2019-08-01,0.4089,0.41,3840000000,3754000000.0,135000000.0,0.37421875,3619000000.0
2019-09-30,4626000000,1344000000,2019-10-31,0.3849,0.37,3840000000,0.0,0.0,0.35,0.0
2019-12-31,18572000000,880000000,2020-02-06,0.2525,0.32,3826086957,41000000.0,355000000.0,0.22999999997125,-314000000.0
2020-03-31,4510000000,670000000,2020-05-08,0.1848,0.18,3899200000,,0.0,0.171830118998769,
2020-06-30,9766000000,299000000,2020-08-06,0.1849,0.15,3940000000,77422000000.0,144000000.0,0.07588832487309645,77278000000.0
2020-09-30,4286000000,788000000,2020-11-05,0.2365,0.2702,3899200000,,0.0,0.2020927369716865,
2020-12-31,4169000000,727000000,2021-02-12,0.2303,0.1471,3900668635,19000000.0,287000000.0,0.1863783028060265,-268000000.0
2021-03-31,4702000000,1005000000,2021-05-06,0.3135,0.2476,3903400000,,0.0,0.2574678485422965,
2021-06-30,8365000000,1459000000,2021-08-06,0.4351,0.3438,3903409333,-3193000000.0,84000000.0,0.3737758137906261,-3277000000.0
2021-09-30,4648000000,1367000000,2021-11-04,0.4041,0.3931,3903365304,,0.0,0.35021062430389427,
2021-12-31,4624000000,945000000,2022-02-03,0.2854,0.3027,3775764304,31000000.0,184000000.0,0.25028045288708256,-153000000.0
2022-03-31,4599000000,429000000,2022-05-06,0.12,-0.14,3763654264,,0.0,0.11398496511846445,
2022-06-30,9741000000,1177000000,2022-08-03,0.33,0.33,3763503745,22786000000.0,107000000.0,0.31274048858426207,22679000000.0
2022-09-30,4412000000,979000000,2022-11-03,0.25,0.35,3725600000,,0.0,0.2627764655357526,
2022-12-31,4868000000,1089000000,2023-02-02,0.33,0.28,3619144872,26000000.0,231000000.0,0.30089980879881173,-205000000.0
2023-03-31,5567000000,1591000000,2023-05-11,0.48,0.35,3618500000,,0.0,0.43968495232831284,
2023-06-30,23042000000,2155000000,2023-08-03,1.14,0.5203,3607000000,4491000000.0,89000000.0,0.5974494039367896,4402000000.0
2023-09-30,5842000000,1982000000,2023-11-02,0.5901,0.5603,3557900000,,0.0,0.5570701818488434,
2023-12-31,5409000000,1558000000,2024-02-01,0.4873,0.4689,3343623000,,0.0,0.46596162306575833,
2024-03-31,27867000000,1780000000,2024-05-02,0.48,0.4334,3275400000,,0.0,0.5434450754106369,
2024-06-30,5716000000,1780000000,2024-08-01,0.5828,0.5388,3275400000,5948000000.0,172000000.0,0.5434450754106369,5776000000.0
2024-09-30,5910000000,1880000000,2024-10-31,0.31,0.28,3200600000,,0.0,0.587389864400425,
2024-12-31,5407000000,1154000000,2025-02-06,0.3933,0.4354,3130000000,-22544000000.0,332000000.0,0.36869009584664536,-22876000000.0
2025-03-31,5636000000,1455000000,2025-05-02,0.53,0.57,3095745000,,0.0,0.46999995154639673,
2025-06-30,24257000000,1675000000,2025-07-31,0.64,0.61,3095745000,10491000000.0,124000000.0,0.5410652363162987,10367000000.0
2025-09-30,5854000000,1787000000,2025-10-29,0.7,0.65,2960300000,,0.0,0.6036550349626727,
