fiscalDateEnding,totalRevenue,netIncome,reportedDate,reportedEPS,estimatedEPS,commonStockSharesOutstanding,operatingCashflow,capitalExpenditures,eps_computed_simple,freeCashFlow
2024-06-30,11541439000,54585000,2024-08-28,0.54,0.0,234826000,401169000,33109000,0.2324487067019836,368060000
2024-09-30,11762628000,76969000,2024-11-12,0.72,0.67,234826000,-277040000,37955000,0.32777034910955344,-314995000
2024-12-31,13344670000,83116000,2025-03-04,0.92,0.912,234826000,309961000,36060000,0.3539471779104528,273901000
2025-03-31,12280843000,69189000,2025-05-08,0.61,0.7,234941000,-200430000,29737000,0.2944952136919482,-230167000
2025-06-30,12793956000,37826000,2025-08-06,0.61,0.71,234928671,-297960000,35224000,0.16101057329013707,-333184000
2025-09-30,12603755000,99457000,2025-10-30,0.72,0.79,235581056,-146038000,28968000,0.4221774097149815,-175006000
