fiscalDateEnding,totalRevenue,netIncome,reportedDate,reportedEPS,estimatedEPS,commonStockSharesOutstanding,operatingCashflow,capitalExpenditures,eps_computed_simple,freeCashFlow
2005-09-30,9960000000,1995000000,2005-10-18,0.38,0.34,6144000000,4366000000,1282000000,0.32470703125,3084000000
2005-12-31,10201000000,2453000000,2006-01-17,0.4,0.43,6144000000,3729000000,1359000000,0.3992513020833333,2370000000
2006-03-31,8940000000,1357000000,2006-04-19,0.23,0.22,5954000000,2096000000,1758000000,0.22791400738998993,338000000
2006-06-30,8009000000,885000000,2006-07-19,0.15,0.13,5868000000,1532000000,1738000000,0.15081799591002046,-206000000
2006-09-30,8739000000,1301000000,2006-10-17,0.21,0.17,5832000000,2790000000,1167000000,0.223079561042524,1623000000
2006-12-31,9694000000,1501000000,2007-01-16,0.25,0.25,5867000000,4202000000,1116000000,0.2558377364922448,3086000000
2007-03-31,8852000000,1636000000,2007-04-17,0.22,0.22,5874000000,1552000000,1361000000,0.27851549199863807,191000000
2007-06-30,8680000000,1278000000,2007-07-17,0.19,0.19,5917000000,2417000000,1278000000,0.21598783167145513,1139000000
2007-09-30,10090000000,1791000000,2007-10-16,0.31,0.3,5967000000,3884000000,1088000000,0.30015082956259426,2796000000
2007-12-31,10712000000,2271000000,2008-01-15,0.38,0.4,5988000000,4772000000,1273000000,0.37925851703406815,3499000000
2008-03-31,9673000000,1443000000,2008-04-15,0.25,0.26,5879000000,2215000000,907000000,0.2454499064466746,1308000000
2008-06-30,9470000000,1601000000,2008-07-16,0.28,0.26,5800000000,2828000000,2477000000,0.2760344827586207,351000000
2008-09-30,10217000000,2014000000,2008-10-14,0.35,0.34,5692000000,3287000000,48000000,0.353829936753338,3239000000
2008-12-31,8226000000,234000000,2009-01-15,0.04,0.05,5623000000,2596000000,1765000000,0.04161479637204339,831000000
2009-03-31,7145000000,647000000,2009-04-14,0.11,0.03,5634000000,378000000,1509000000,0.11483848065317714,-1131000000
2009-06-30,8024000000,-398000000,2009-07-14,0.18,0.09,5595000000,3384000000,981000000,-0.07113494191242181,2403000000
2009-09-30,9389000000,1856000000,2009-10-13,0.33,0.28,5616000000,4003000000,944000000,0.33048433048433046,3059000000
2009-12-31,10569000000,2282000000,2010-01-14,0.55,0.42,5650000000,3405000000,1081000000,0.4038938053097345,2324000000
2010-03-31,10299000000,2442000000,2010-04-13,0.43,0.38,5681000000,4079000000,928000000,0.42985389896145043,3151000000
2010-06-30,10765000000,2887000000,2010-07-13,0.51,0.43,5711000000,3486000000,1048000000,0.5055156715111189,2438000000
2010-09-30,11102000000,2955000000,2010-10-12,0.52,0.5,5694000000,3577000000,1362000000,0.5189673340358272,2215000000
2010-12-31,11457000000,3180000000,2011-01-13,0.59,0.53,5699000000,5550000000,1869000000,0.5579926302860151,3681000000
2011-03-31,12847000000,3160000000,2011-04-19,0.59,0.46,5606000000,4013000000,2723000000,0.5636817695326436,1290000000
2011-06-30,25879000000,6114000000,2011-07-20,0.59,0.51,5527000000,3971000000,2484000000,1.1062058983173513,1487000000
2011-09-30,14233000000,3468000000,2011-10-18,0.69,0.61,5340000000,6349000000,2713000000,0.6494382022471911,3636000000
2011-12-31,13887000000,3360000000,2012-01-19,0.68,0.63,5246000000,6630000000,2844000000,0.6404879908501716,3786000000
2012-03-31,12906000000,2738000000,2012-04-17,0.56,0.53,5192000000,2972000000,2974000000,0.5273497688751926,-2000000
2012-06-30,13501000000,2827000000,2012-07-17,0.57,0.55,5199000000,4739000000,2662000000,0.543758415079823,2077000000
2012-09-30,13457000000,2972000000,2012-10-16,0.6,0.52,5153000000,5147000000,3452000000,0.5767514069474092,1695000000
2012-12-31,13477000000,2468000000,2013-01-17,0.51,0.49,5095000000,6026000000,2754000000,0.48439646712463197,3272000000
2013-03-31,12580000000,2045000000,2013-04-29,0.4,0.44,5080000000,4285000000,2207000000,0.40255905511811024,2078000000
2013-06-30,12811000000,2000000000,2013-07-17,0.39,0.4,5106000000,4722000000,2724000000,0.39169604386995693,1998000000
2013-09-30,13483000000,2950000000,2013-10-15,0.58,0.53,5100000000,5731000000,2868000000,0.5784313725490197,2863000000
2013-12-31,13834000000,2625000000,2014-01-16,0.51,0.52,5103000000,6038000000,2948000000,0.51440329218107,3090000000
2014-03-31,12764000000,1947000000,2014-04-25,0.38,0.37,5117000000,3501000000,2689000000,0.3804963846003518,812000000
2014-06-30,13831000000,2796000000,2014-07-15,0.55,0.52,5123000000,5453000000,2828000000,0.5457739605699785,2625000000
2014-09-30,14554000000,3317000000,2014-10-14,0.66,0.65,5045000000,5693000000,2445000000,0.6574826560951437,3248000000
2014-12-31,14721000000,3661000000,2015-01-15,0.74,0.66,4940000000,5771000000,2235000000,0.7410931174089069,3536000000
2015-03-31,12781000000,1992000000,2015-04-27,0.41,0.41,4914000000,4415000000,2025000000,0.4053724053724054,2390000000
2015-06-30,13195000000,2706000000,2015-07-15,0.55,0.5,4909000000,3440000000,1767000000,0.5512324302301894,1673000000
2015-09-30,14465000000,3109000000,2015-10-13,0.64,0.59,4876000000,5735000000,1206000000,0.6376127973748975,4529000000
2015-12-31,14914000000,3613000000,2016-01-14,0.74,0.63,4876000000,5427000000,2448000000,0.7409762100082035,2979000000
2016-03-31,13702000000,2046000000,2016-04-19,0.54,0.48,4875000000,4055000000,1346000000,0.4196923076923077,2709000000
2016-06-30,13533000000,1330000000,2016-07-20,0.59,0.53,4866000000,3845000000,2286000000,0.27332511302918205,1559000000
2016-09-30,15778000000,3378000000,2016-10-18,0.8,0.72,4877000000,5758000000,2463000000,0.6926389173672339,3295000000
2016-12-31,16374000000,3562000000,2017-01-26,0.79,0.75,4881000000,8150000000,3530000000,0.7297684900635115,4620000000
2017-03-31,14796000000,2964000000,2017-04-27,0.66,0.65,4881000000,3898000000,2067000000,0.6072526121696373,1831000000
2017-06-30,14763000000,2808000000,2017-07-27,0.72,0.68,4845000000,4707000000,2663000000,0.5795665634674922,2044000000
2017-09-30,16149000000,4516000000,2017-10-26,1.01,0.8,4821000000,6264000000,2979000000,0.9367351171956025,3285000000
2017-12-31,17053000000,-687000000,2018-01-25,1.08,0.87,4683000000,7241000000,4069000000,-0.1467008327994875,3172000000
2018-03-31,16066000000,4454000000,2018-04-26,0.87,0.72,4790000000,6284000000,2910000000,0.9298538622129436,3374000000
2018-06-30,16962000000,5006000000,2018-07-26,1.04,0.97,4747000000,7413000000,4530000000,1.0545607752264587,2883000000
2018-09-30,19163000000,6398000000,2018-10-25,1.4,1.15,4648000000,8835000000,3851000000,1.3765060240963856,4984000000
2018-12-31,18657000000,5195000000,2019-01-24,1.28,1.22,4619000000,6900000000,3890000000,1.124702316518727,3010000000
2019-03-31,16061000000,3974000000,2019-04-25,0.89,0.87,4564000000,4959000000,3321000000,0.8707274320771253,1638000000
2019-06-30,16505000000,4179000000,2019-07-25,1.06,0.9,4523000000,7587000000,3554000000,0.9239442847667477,4033000000
2019-09-30,19190000000,5990000000,2019-10-24,1.42,1.24,4433000000,10711000000,4672000000,1.3512294157455447,6039000000
2019-12-31,20209000000,6905000000,2020-01-23,1.52,1.25,4373000000,9888000000,4666000000,1.5790075463068831,5222000000
2020-03-31,19828000000,5661000000,2020-04-23,1.45,1.26,4312000000,6158000000,3268000000,1.312847866419295,2890000000
2020-06-30,19728000000,5105000000,2020-07-23,1.23,1.11,4284000000,11157000000,3408000000,1.1916433239962652,7749000000
2020-09-30,18333000000,4276000000,2020-10-22,1.11,1.11,4211000000,8179000000,3716000000,1.015435763476609,4463000000
2020-12-31,19978000000,5857000000,2021-01-21,1.52,1.11,4119000000,9890000000,4061000000,1.4219470745326535,5829000000
2021-03-31,19673000000,3361000000,2021-04-22,1.39,1.14,4096000000,5548000000,4388000000,0.820556640625,1160000000
2021-06-30,19631000000,5061000000,2021-07-22,1.28,1.07,4084000000,8746000000,3868000000,1.2392262487757102,4878000000
2021-09-30,19192000000,6823000000,2021-10-21,1.71,1.11,4086000000,9900000000,4441000000,1.6698482623592756,5459000000
2021-12-31,20528000000,4623000000,2022-01-26,1.09,0.91,4095000000,5797000000,7632000000,1.128937728937729,-1835000000
2022-03-31,18353000000,8113000000,2022-04-28,0.87,0.8,4107000000,5891000000,4797000000,1.975407840272705,1094000000
2022-06-30,15321000000,-454000000,2022-07-28,0.29,0.7,4100000000,809000000,7255000000,-0.11073170731707317,-6446000000
2022-09-30,15338000000,1019000000,2022-10-27,0.59,0.33,4125000000,1030000000,7299000000,0.24703030303030302,-6269000000
2022-12-31,14042000000,-664000000,2023-01-26,0.1,0.2,4133000000,1003000000,5699000000,-0.16065811759012824,-4696000000
2023-03-31,11715000000,-2758000000,2023-04-27,-0.04,-0.14,4154000000,-1785000000,7413000000,-0.6639383726528647,-9198000000
2023-06-30,12949000000,1481000000,2023-07-27,0.13,-0.03,4196000000,2808000000,5888000000,0.35295519542421355,-3080000000
2023-09-30,14158000000,297000000,2023-10-26,0.41,0.22,4229000000,5824000000,5753000000,0.07022936864506976,71000000
2023-12-31,15406000000,2669000000,2024-01-25,0.54,0.45,4260000000,4624000000,6696000000,0.6265258215962441,-2072000000
2024-03-31,12724000000,-381000000,2024-04-25,0.18,0.13,4242000000,-1223000000,5970000000,-0.08981612446958982,-7193000000
2024-06-30,12833000000,-1610000000,2024-08-01,0.02,0.1,4267000000,2292000000,5682000000,-0.37731427232247483,-3390000000
2024-09-30,13284000000,-16639000000,2024-10-31,-0.46,-0.03,4292000000,4054000000,6458000000,-3.8767474370922645,-2404000000
2024-12-31,14260000000,-126000000,2025-01-30,0.13,0.12,4319000000,3165000000,5834000000,-0.029173419773095625,-2669000000
2025-03-31,12667000000,-821000000,2025-04-24,0.13,0.01,4343000000,813000000,5183000000,-0.18903983421597972,-4370000000
2025-06-30,12859000000,-2918000000,2025-07-24,-0.1,0.01,4369000000,2050000000,3550000000,-0.6678873884184023,-1500000000
2025-09-30,13653000000,4063000000,2025-10-23,0.23,0.0371,4531000000,2546000000,2425000000,0.8967115427058044,121000000
