fiscalDateEnding,totalRevenue,netIncome,reportedDate,reportedEPS,estimatedEPS,commonStockSharesOutstanding,operatingCashflow,capitalExpenditures,eps_computed_simple,freeCashFlow
2019-12-31,570000,-15848000,2020-03-31,-1.2925,0,15835852,-14214000,2254000,-1.0007671200766464,-16468000
2020-03-31,838000,-19769000,2020-06-30,-0.9597,0,129820963,-15800000,1578000,-0.1522789505112514,-17378000
2020-06-30,1011000,-13742000,2020-09-30,-0.8298,0,129820963,-17237000,629000,-0.10585347452706849,-17866000
2020-09-30,1831000,-15652000,2020-12-31,-2.2103,0,129820963,-13558000,928000,-0.12056604448389432,-14486000
2020-12-31,-13044000,-32348000,2021-03-31,-1.4379,0,129820963,-15343000,1986000,-0.24917393348869243,-17329000
2021-03-31,727000,-20676000,2021-06-30,-0.5812,0,129820963,-20358000,716000,-0.15926549551169175,-21074000
2021-06-30,1008000,-72534000,2021-09-30,-0.1981,0,125188537,-16478000,1417000,-0.5793980961691405,-17895000
