fiscalDateEnding,totalRevenue,netIncome,reportedDate,reportedEPS,estimatedEPS,commonStockSharesOutstanding,operatingCashflow,capitalExpenditures,eps_computed_simple,freeCashFlow
2022-09-30,,-4377.04,2022-11-30,-0.21,0.0,14590100,-3795.48,527000,-0.00030000068539626185,-530795.48
2022-12-31,,-4377.04,2023-03-14,-0.15,-0.15,14590100,-3795.48,527000,-0.00030000068539626185,-530795.48
2023-03-31,,-4345.34,2023-05-31,0.0,0.0,19015700,-4136.72,381000,-0.00022851328113085504,-385136.72
2023-06-30,,-4345.34,2023-09-29,0.0,-0.21,19015700,-4136.72,381000,-0.00022851328113085504,-385136.72
2024-06-30,,-5674.0,2024-09-26,-0.05,0.0,22578500,-5316.0,1073000,-0.00025130101645370596,-1078316.0
2024-09-30,,-8118.0,2024-11-27,0.0,0.0,27061400,-3512000.0,2830000,-0.0002999844797386684,-6342000.0
2024-12-31,,-16236.0,2025-03-12,-0.06,-0.085,27061400,-23407358.0,4482,-0.0005999689594773368,-23411840.0
2025-03-31,,-9555.0,2025-05-28,0.0,0.0,318530,-6517000.0,4562000,-0.02999717452045333,-11079000.0
2025-06-30,,-35332439.0,2025-09-30,-0.06,-0.04,29457200,1609673.0,17603195,-1.1994500156158765,-15993522.0
