fiscalDateEnding,totalRevenue,netIncome,reportedDate,reportedEPS,estimatedEPS,commonStockSharesOutstanding,operatingCashflow,capitalExpenditures,eps_computed_simple,freeCashFlow
2005-09-30,2615300000,254200000,2005-10-20,0.7492,,339295200.0,393500000.0,81500000,0.7492001065738625,312000000.0
2005-12-31,2713300000,291500000,2006-01-26,0.9292,,313710700.0,809100000.0,111800000,0.9292000559751389,697300000.0
2006-03-31,1804700000,253200000,2006-04-21,0.7617,,332414300.0,23100000.0,34100000,0.7617000832996655,-11000000.0
2006-06-30,2048000000,313500000,2006-07-28,0.9483,,330591600.0,216100000.0,90900000,0.9482999568047101,125200000.0
2006-09-30,2038000000,243900000,2006-10-27,0.7627,,319785000.0,513700000.0,146400000,0.7626999390215301,367300000.0
2006-12-31,2143000000,221900000,2007-01-31,0.5919,,374894400.0,972200000.0,212300000,0.5919000123768187,759900000.0
2007-03-31,1976200000,217500000,2007-04-27,0.7009,,310315300.0,45800000.0,47000000,0.7009000200763545,-1200000.0
2007-06-30,2224600000,964100000,2007-07-27,3.1683,,304295700.0,198200000.0,57800000,3.1682997820869634,140400000.0
2007-09-30,2239000000,266600000,2007-10-26,0.9231,,288809400.0,456800000.0,88500000,0.923100148402372,368300000.0
2007-12-31,2323300000,2518500000,2008-02-14,9.06,,277980100.0,896100000.0,119700000,9.060001057629664,776400000.0
2008-03-31,2163300000,181600000,2008-04-30,0.6573,,276281800.0,,37400000,0.6572999017669641,
2008-06-30,3080800000,256100000,2008-08-01,0.8798,,291088900.0,,104700000,0.8797999511489445,
2008-09-30,4313200000,227700000,2008-10-24,0.7026,,324082000.0,,196200000,0.7025999592695675,
2008-12-31,3670100000,-227700000,2009-02-11,-10.269,,22173500.0,330900000.0,306000000,-10.269014814981848,24900000.0
2009-03-31,2917900000,0,2009-04-22,-0.0833,,,40900000.0,58900000,,-18000000.0
2009-06-30,3473800000,122100000,2009-07-24,0.3757,,324993300.0,879400000.0,113800000,0.3757000528933981,765600000.0
2009-09-30,3482700000,216600000,2009-10-23,0.6528,,331801500.0,1480200000.0,156100000,0.6527999421340771,1324100000.0
2009-12-31,3281000000,139400000,2010-02-12,0.3253,,428527500.0,1734600000.0,204200000,0.3253000099176832,1530400000.0
2010-03-31,2953400000,1400000,2010-04-23,0.0042,,333333300.0,-52400000.0,34300000,0.004200000420000042,-86700000.0
2010-06-30,3703400000,196400000,2010-07-23,0.5792,,339088400.0,347300000.0,38000000,0.5791999962251732,309300000.0
2010-09-30,3730300000,232200000,2010-10-22,0.685,,338978100.0,287600000.0,45000000,0.6850000044250646,242600000.0
2010-12-31,3692000000,212200000,2011-02-09,0.6401,,331510700.0,173800000.0,62200000,0.6401000028053393,111600000.0
2011-03-31,3138000000,-77600000,2011-04-21,-0.2227,,330900000.0,-41700000.0,40800000,-0.23451193714113025,-82500000.0
2011-06-30,3892200000,92300000,2011-07-21,0.263,,331800000.0,384500000.0,38000000,0.2781796262808921,346500000.0
2011-09-30,3928500000,86200000,2011-10-20,0.2534,,316000000.0,420200000.0,50300000,0.2727848101265823,369900000.0
2011-12-31,3823300000,242300000,2012-02-08,0.7141,,339308200.0,467200000.0,113800000,0.7141000423803492,353400000.0
2012-03-31,3150700000,95600000,2012-04-20,0.306,,312418300.0,82200000.0,52900000,0.30600000064016736,29300000.0
2012-06-30,3821300000,365800000,2012-07-20,1.1635,,314396200.0,223400000.0,60900000,1.1635000677489105,162500000.0
2012-09-30,548484000,64103000,2012-10-19,1.0308,,30145735.0,87609000.0,8691000,2.1264367911414332,78918000.0
2012-12-31,589671000,69064000,2013-02-01,0.7585,,30197783.0,86423000.0,12714000,2.287055311312092,73709000.0
2013-03-31,513541000,45683000,2013-04-23,0.2909,,30222889.0,38009000.0,6834000,1.5115365046670421,31175000.0
2013-06-30,3932700000,317200000,2013-07-19,1.14,1.08,301206000.0,436800000.0,67800000,1.0530998718485023,369000000.0
2013-09-30,3749500000,165900000,2013-10-18,1.13,1.1,295511200.0,522300000.0,48400000,0.5614000416904672,473900000.0
2013-12-31,1555900000,47700000,2014-02-11,0.61,0.61,300946400.0,219300000.0,54600000,0.15849998537945628,164700000.0
2014-03-31,2722900000,79000000,2014-04-23,0.29,0.26,282344500.0,-126000000.0,50500000,0.2798000315217757,-176500000.0
2014-06-30,3542900000,306000000,2014-07-22,1.13,1.11,274193500.0,246100000.0,42100000,1.1160001969412112,204000000.0
2014-09-30,3385000000,298300000,2014-10-22,0.82,1.04,166309472.0,377500000.0,58100000,1.7936440805969247,319400000.0
2014-12-31,3240600000,255400000,2015-01-30,0.38,0.7,269380900.0,475600000.0,82800000,0.9480998838447715,392800000.0
2015-03-31,2887800000,51300000,2015-04-23,1.2,0.32,268445800.0,-125200000.0,55700000,0.19110002838561826,-180900000.0
2015-06-30,3600200000,78900000,2015-07-28,1.2,1.23,269375200.0,295200000.0,59600000,0.2929000145521934,235600000.0
2015-09-30,3486900000,312900000,2015-10-27,0.94,1.16,164288775.0,83000000.0,58000000,1.9045732126251473,25000000.0
2015-12-31,3325800000,233500000,2016-02-09,0.94,0.93,265190200.0,598100000.0,76300000,0.880500108978386,521800000.0
2016-03-31,437050000,-9620000,2016-04-26,0.5,0.37,189732248.0,30742000.0,10683000,-0.0507030307256993,20059000.0
2016-06-30,462000000,-3900000,2016-07-27,1.38,1.3,189732248.0,38258000.0,15317000,-0.02055528272663485,22941000.0
2016-09-30,462600000,-12900000,2016-10-26,0.84,1.29,189732248.0,37800000.0,20300000,-0.06799055055733066,17500000.0
2016-12-31,577836000,-10220000,2017-02-01,0.84,0.92,189732248.0,58844000.0,28116000,-0.053865381914412355,30728000.0
2017-03-31,481700000,-7015000,2017-05-15,0.57,0.53,189732248.0,-2586000.0,16390000,-0.036973155981370125,-18976000.0
2017-06-30,579100000,-146300000,2017-08-02,0.24,0.22,176900000.0,22586000.0,10410000,-0.8270209157716224,12176000.0
2017-09-30,649600000,28000000,2017-10-25,0.41,0.36,208100000.0,63900000.0,9600000,0.13455069678039405,54300000.0
2017-12-31,665000000,143600000,2018-02-15,0.48,0.48,208405797.0,116600000.0,20400000,0.6890403341323562,96200000.0
2018-03-31,619600000,42400000,2018-04-26,0.38,0.29,209900000.0,60200000.0,10100000,0.2020009528346832,50100000.0
2018-06-30,668200000,60300000,2018-08-01,0.44,0.41,209600000.0,134300000.0,10800000,0.2876908396946565,123500000.0
2018-09-30,689300000,72200000,2018-10-25,0.49,0.48,209100000.0,103800000.0,11200000,0.3452893352462936,92600000.0
2018-12-31,712700000,94500000,2019-02-19,0.57,0.53,210000000.0,146200000.0,20100000,0.45,126100000.0
2019-03-31,620300000,47100000,2019-04-30,0.38,0.34,207700000.0,68800000.0,14200000,0.22676937891189214,54600000.0
2019-06-30,629100000,44900000,2019-07-31,0.43,0.39,208900000.0,61300000.0,10500000,0.21493537577788416,50800000.0
2019-09-30,596700000,41300000,2019-10-28,0.41,0.38,209000000.0,114200000.0,9100000,0.19760765550239234,105100000.0
2019-12-31,605800000,25700000,2020-02-17,0.37,0.34,209400000.0,99000000.0,9400000,0.1227316141356256,89600000.0
2020-03-31,703500000,-36800000,2020-05-12,0.27,0.28,277300000.0,68400000.0,8300000,-0.13270825820411108,60100000.0
2020-06-30,1025400000,-177600000,2020-08-03,0.31,0.19,417000000.0,247400000.0,17100000,-0.42589928057553955,230300000.0
2020-09-30,1112500000,29500000,2020-11-02,0.4,0.31,422000000.0,186700000.0,8100000,0.06990521327014218,178600000.0
2020-12-31,1510700000,151600000,2021-02-22,0.53,0.45,424500000.0,411800000.0,15200000,0.35712603062426385,396600000.0
2021-03-31,1129500000,-90400000,2021-04-28,0.45,0.35,425900000.0,122300000.0,15000000,-0.21225639821554357,107300000.0
2021-06-30,1279100000,233900000,2021-07-28,0.46,0.42,426800000.0,142000000.0,10900000,0.5480318650421743,131100000.0
2021-09-30,1325000000,126000000,2021-11-03,0.57,0.47,418500000.0,116000000.0,15300000,0.3010752688172043,100700000.0
2021-12-31,1418800000,293000000,2022-02-23,0.68,0.6,413400000.0,235200000.0,22900000,0.7087566521528785,212300000.0
2022-03-31,1337000000,103700000,2022-05-04,0.49,0.45,413100000.0,46000000.0,17900000,0.25102880658436216,28100000.0
2022-06-30,1439900000,138500000,2022-08-03,0.54,0.52,409400000.0,185100000.0,21400000,0.33829995114802147,163700000.0
2022-09-30,1515700000,145100000,2022-11-02,0.62,0.59,408500000.0,274500000.0,21800000,0.35520195838433294,252700000.0
2022-12-31,1623700000,217400000,2023-02-21,0.72,0.63,409300000.0,354700000.0,33500000,0.5311507451746885,321200000.0
2023-03-31,1629300000,161100000,2023-05-03,0.65,0.52,409200000.0,170300000.0,22400000,0.3936950146627566,147900000.0
2023-06-30,1686500000,179500000,2023-08-02,0.68,0.6,408300000.0,228400000.0,24800000,0.4396277247122214,203600000.0
2023-09-30,1738900000,208300000,2023-11-01,0.77,0.69,408600000.0,397300000.0,28600000,0.5097895252080274,368700000.0
2023-12-31,1821400000,229800000,2024-02-15,0.86,0.77,408200000.0,581400000.0,29600000,0.5629593336599706,551800000.0
2024-03-31,1670100000,202200000,2024-05-02,0.78,0.69,408200000.0,161600000.0,62300000,0.4953454189122979,99300000.0
2024-06-30,1805300000,185000000,2024-07-31,0.83,0.78,407400000.0,304900000.0,21800000,0.4540991654393716,283100000.0
2024-09-30,1861000000,221600000,2024-10-31,0.84,0.81,406900000.0,404000000.0,29700000,0.5446055541902187,374300000.0
2024-12-31,1898600000,229800000,2025-02-13,0.84,0.84,407050000.0,526200000.0,35300000,0.5645498096056996,490900000.0
2025-03-31,1716800000,186500000,2025-05-01,0.72,0.74,407200000.0,256400000.0,33700000,0.4580058939096267,222700000.0
2025-06-30,1887900000,-115300000,2025-07-31,0.8,0.8,400500000.0,245700000.0,35300000,-0.28789013732833957,210400000.0
2025-09-30,1955000000,244100000,2025-10-30,0.86,0.87,400500000.0,354600000.0,29100000,0.6094881398252184,325500000.0
