fiscalDateEnding,totalRevenue,netIncome,reportedDate,reportedEPS,estimatedEPS,commonStockSharesOutstanding,operatingCashflow,capitalExpenditures,eps_computed_simple,freeCashFlow
2008-03-31,0,544392,2008-03-31,0.0157,,27485989,338175,0,0.01980616378766651,338175
2008-06-30,0,906904,2008-06-30,0.0187,,48500000,532135,0,0.018699051546391753,532135
2008-09-30,0,1097000,2008-09-30,0.0226,,48500000,2033678,0,0.02261855670103093,2033678
2008-12-31,0,-892521,2008-12-31,-0.0206,,48500000,-928346,0,-0.018402494845360825,-928346
2009-03-31,0,33000,2009-06-02,0.0007,,48500000,-210153,0,0.0006804123711340206,-210153
2009-06-30,0,-16655,2009-09-02,-0.0003,,48500000,-787677,0,-0.0003434020618556701,-787677
2009-09-30,0,-39428000,2009-11-16,8.96,0.07,48929000,-15576170,0,-0.8058206789429582,-15576170
2009-12-31,75989000,-4749000,2010-03-16,-0.09,0.15,70247701,39742000,7351000,-0.06760363588268889,32391000
2010-03-31,81742000,-1317000,2010-05-10,-0.02,0.14,70247701,5881000,2770000,-0.018747944505685673,3111000
2010-06-30,83974000,3200000,2010-08-09,0.04,0.18,72970000,27387000,45440000,0.043853638481567765,-18053000
2010-09-30,94527000,10686000,2010-11-09,0.14,0.18,74040000,71308000,86049000,0.14432739059967586,-14741000
2010-12-31,87930000,10122000,2011-03-07,0.14,0.12,70360000,46862000,103191000,0.1438601478112564,-56329000
2011-03-31,91303000,8299000,2011-05-10,0.11,0.15,72668000,32182000,56223000,0.11420432652611878,-24041000
2011-06-30,95903000,11683000,2011-08-08,0.16,0.14,73653000,51900000,114648000,0.15862218782670087,-62748000
2011-09-30,102124000,12013000,2011-11-08,0.15,0.17,74558000,47841000,69473000,0.16112288419753748,-21632000
2011-12-31,94977000,8362000,2012-03-06,0.11,0.09,73401000,51538000,119060000,0.11392215364913284,-67522000
2012-03-31,93474000,12418000,2012-05-03,0.16,0.16,75337000,36385000,34791000,0.16483268513479432,1594000
2012-06-30,97321000,17663000,2012-08-02,0.23,0.2,76061000,53004000,151913000,0.2322215064224767,-98909000
2012-09-30,100441000,17839000,2012-11-01,0.23,0.25,76131000,43326000,34639000,0.23431979088676097,8687000
2012-12-31,92284000,16711000,2013-02-28,0.19,0.21,76461000,41308000,220311000,0.21855586508154484,-179003000
2013-03-31,89189000,13184000,2013-05-02,0.17,0.19,76594000,57196000,19244000,0.172128365146095,37952000
2013-06-30,94684000,13663000,2013-08-01,0.18,0.22,76630000,43066000,132444000,0.17829831658619338,-89378000
2013-09-30,100569000,14835000,2013-10-31,0.19,0.21,87591000,44070000,111757000,0.16936671575846834,-67687000
2013-12-31,98207000,13835000,2014-02-27,0.18,0.21,76690000,38716000,140102000,0.1804016168992046,-101386000
2014-03-31,98032000,14793000,2014-05-01,0.19,0.17,76839000,42465000,58519000,0.19251942373013703,-16054000
2014-06-30,102521000,12167000,2014-07-31,0.14,0.17,95653000,48732000,49554000,0.12719935600556176,-822000
2014-09-30,107493000,16529000,2014-10-30,0.17,0.14,121516000,62138000,36856000,0.1360232397379769,25282000
2014-12-31,100511000,19180000,2015-02-26,0.19,0.13,93905000,61537000,296136000,0.20424897502795378,-234599000
2015-03-31,97007000,17160000,2015-04-30,0.17,0.18,122313000,51531000,50053000,0.14029579848421672,1478000
2015-06-30,101919000,22129000,2015-07-30,0.21,0.19,123196000,41183000,124153000,0.17962433845254716,-82970000
2015-09-30,106034000,25688000,2015-10-29,0.24,0.19,122696000,70224000,77591000,0.20936297841820434,-7367000
2015-12-31,106418000,-69431000,2016-02-25,0.2,0.18,95126000,54541000,243013000,-0.7298845741437672,-188472000
2016-03-31,104202000,24661000,2016-04-28,0.23,0.2,123035000,47019000,75822000,0.20043889950014224,-28803000
2016-06-30,109195000,22965000,2016-07-28,0.22,0.25,123465000,61816000,80980000,0.18600413072530678,-19164000
2016-09-30,112794000,27660000,2016-10-27,0.26,0.24,123690000,55724000,74989000,0.223623575066699,-19265000
2016-12-31,107449000,20244000,2017-02-23,0.19,0.2,95879000,60640000,173896000,0.2111411257939695,-113256000
2017-03-31,104426000,34054000,2017-04-27,0.23,0.2,126370000,63864000,48944000,0.26947851547044394,14920000
2017-06-30,111604000,20899000,2017-07-27,0.2,0.18,126943000,56002000,119228000,0.16463294549522225,-63226000
2017-09-30,116547000,25369000,2017-10-26,0.23,0.18,127188000,83352000,122540000,0.19946064094096927,-39188000
2017-12-31,115469000,137882000,2018-02-22,-0.07,0.1,98203000,56403000,109395000,1.4040507927456392,-52992000
2018-03-31,119148000,11472000,2018-04-26,0.07,0.03,104345000,58277000,82961000,0.1099429776223106,-24684000
2018-06-30,134931000,-4418000,2018-07-31,-0.06,-0.04,111111000,82811000,132070000,-0.039762039762039764,-49259000
2018-09-30,136764000,-12856000,2018-10-25,-0.13,-0.07,111592000,84450000,79698000,-0.11520539106746003,4752000
2018-12-31,132165000,-7582000,2019-02-28,-0.09,-0.14,112200000,38171000,96661000,-0.06757575757575758,-58490000
2019-03-31,133685000,-18024000,2019-04-23,-0.18,-0.22,113038000,48120000,34643000,-0.15945080415435517,13477000
2019-06-30,143100000,-18106000,2019-07-23,-0.16,-0.19,123315000,15968000,57938000,-0.1468272310748895,-41970000
2019-09-30,144785000,-18012000,2019-10-29,-0.14,-0.13,131688000,78363000,10175000,-0.13677783852742847,68188000
2019-12-31,138874000,-107857000,2020-02-25,-0.82,-0.22,131632000,55692000,15063000,-0.8193828248450225,40629000
2020-03-31,145287000,-31702000,2020-04-28,-0.24,-0.13,132645000,40813000,9487000,-0.2389988314674507,31326000
2020-06-30,140173000,-12422000,2020-07-28,-0.09,-0.12,133118000,63719000,9168000,-0.09331570486335432,54551000
2020-09-30,151472000,-4005000,2020-10-20,-0.03,-0.11,133760000,74605000,10612000,-0.029941686602870814,63993000
2020-12-31,146507000,-7925000,2021-02-11,-0.06,-0.08,133760000,70630000,9422000,-0.05924790669856459,61208000
2021-03-31,146535000,-5183000,2021-04-20,-0.04,-0.05,135068000,50766000,9417000,-0.038373263837474456,41349000
2021-06-30,149919000,3833000,2021-07-20,0.03,-0.06,134981000,75201000,9812000,0.028396589149584015,65389000
2021-09-30,162159000,-2085000,2021-10-19,-0.01,-0.02,132869000,87170000,8787000,-0.01569214790507944,78383000
2021-12-31,155887000,-5884000,2022-02-17,-0.04,-0.03,147100000,89737000,14131000,-0.04,75606000
2022-03-31,168219000,2824000,2022-04-19,0.02,0.0105,131842000,65770000,13568000,0.021419577979702977,52202000
2022-06-30,174919000,4557000,2022-07-26,0.04,0.014,129611000,99795000,17450000,0.0351590528581679,82345000
2022-09-30,184060000,2149000,2022-10-20,0.02,0.02,129075000,88893000,13738000,0.01664923494092582,75155000
2022-12-31,193836000,-808000,2023-02-16,-0.01,0.017,125901784,90271000,26511000,-0.006417700959662335,63760000
2023-03-31,205273000,9775000,2023-04-20,0.08,0.01,128738000,68942000,22905000,0.07592940701269245,46037000
2023-06-30,193108000,-30741000,2023-07-25,-0.24,0.04,126239000,87048000,22382000,-0.2435142863932699,64666000
2023-09-30,197602000,-1642000,2023-10-19,-0.01,0.03,125176000,71116000,11998000,-0.013117530517032018,59118000
2023-12-31,194740000,38023000,2024-02-15,0.29,0.03,122775823,87807000,16202000,0.3096945234893681,71605000
2024-03-31,203853000,19653000,2024-04-18,0.16,0.15,123993000,71426000,14564000,0.15850088311436936,56862000
2024-06-30,201067000,32336000,2024-07-23,0.27,0.17,121242000,81114000,12442000,0.26670625690767225,68672000
2024-09-30,212771000,24446000,2024-10-17,0.21,0.2,118111000,118626000,18616000,0.20697479489632634,100010000
2024-12-31,212991000,36341000,2025-02-13,0.2997,0.22,115385000,104789000,24268000,0.3149542834857217,80521000
2025-03-31,214878000,30412000,2025-04-16,0.27,0.28,110671000,61081000,24546000,0.27479646881296815,36535000
2025-06-30,216906000,21968000,2025-07-24,0.2,0.24,108184000,129615000,20710000,0.20306145086149524,108905000
2025-09-30,226935000,37127000,2025-10-15,0.35,0.2919,106476000,100782000,21535000,0.34868890642022615,79247000
