fiscalDateEnding,totalRevenue,netIncome,reportedDate,reportedEPS,estimatedEPS,commonStockSharesOutstanding,operatingCashflow,capitalExpenditures,eps_computed_simple,freeCashFlow
2005-09-30,3257600000,408202000,2005-10-19,0.72,0.68,583110000,559297000,71316000,0.7000428735573048,487981000
2005-12-31,3294257000,400579000,2006-01-31,0.71,0.7,563874000,485964000,77077000,0.7104051614367749,408887000
2006-03-31,3297036000,366530000,2006-04-20,0.65,0.63,567914000,388511000,68319000,0.6453970143366777,320192000
2006-06-30,3579470000,465854000,2006-07-20,0.81,0.79,571954000,360920000,76675000,0.8144955713221693,284245000
2006-09-30,3538014000,446092000,2006-10-18,0.78,0.8,570929000,573166000,77796000,0.7813440900707443,495370000
2006-12-31,3640529000,439270000,2007-01-30,0.77,0.73,559001000,743431000,78216000,0.7858125477414173,665215000
2007-03-31,3759041000,402435000,2007-04-18,0.69,0.71,563280000,422819000,85291000,0.7144492969748615,337528000
2007-06-30,4159689000,530776000,2007-07-19,0.9,0.88,561244000,531638000,89038000,0.9457134508342183,442600000
2007-09-30,4093803000,491088000,2007-10-17,0.89,0.87,554255000,736441000,80298000,0.8860326023220358,656143000
2007-12-31,4158078000,470733000,2008-01-30,0.87,0.84,526299000,793399000,98728000,0.894421232037302,694671000
2008-03-31,4139414000,303621000,2008-04-16,0.79,0.76,529725000,493924000,89005000,0.5731672094011043,404919000
2008-06-30,4570472000,528090000,2008-07-17,1.01,0.97,525209000,450104000,95982000,1.0054854353219385,354122000
2008-09-30,4147757000,453518000,2008-10-16,0.87,0.88,521086000,688759000,89308000,0.8703323443730977,599451000
2008-12-31,3678394000,233774000,2009-01-29,0.54,0.48,499189000,590097000,81177000,0.46830759491895857,508920000
2009-03-31,2914268000,-39374000,2009-04-16,0.17,0.13,499189000,447146000,60991000,-0.07887593676944003,386155000
2009-06-30,3392906000,176565000,2009-07-22,0.36,0.35,500875000,623937000,60347000,0.3525131020713751,563590000
2009-09-30,3580354000,302418000,2009-10-20,0.63,0.53,502187000,569196000,53015000,0.60220196858939,516181000
2009-12-31,3757429000,507400000,2010-01-27,0.61,0.64,502424000,506310000,72749000,1.0099039854784007,433561000
2010-03-31,3606389000,333805000,2010-04-20,0.63,0.56,505014000,279406000,60722000,0.6609816757555236,218684000
2010-06-30,4076252000,411456000,2010-07-20,0.83,0.83,506297000,338442000,62663000,0.8126771440478613,275779000
2010-09-30,4018466000,422028000,2010-10-19,0.83,0.82,503149000,483930000,72154000,0.8387734050947135,411776000
2010-12-31,4169269000,392794000,2011-01-31,0.79,0.8,499898000,459012000,90633000,0.785748292651701,368379000
2011-03-31,4387579000,623000000,2011-04-26,1.24,0.97,502700000,144599000,88353000,1.2393077382136464,56246000
2011-06-30,4614914000,499000000,2011-07-26,0.96,1.02,501900000,312570000,87601000,0.9942219565650527,224969000
2011-09-30,4580516000,507000000,2011-10-25,1.0,0.98,488800000,787176000,82960000,1.0372340425531914,704216000
2011-12-31,4319308000,442197000,2012-01-31,0.9,0.88,485639000,711663000,94494000,0.9105467229773556,617169000
2012-03-31,4547000000,486000000,2012-04-24,0.97,0.95,485600000,323000000,84000000,1.0008237232289952,239000000
2012-06-30,4655000000,881000000,2012-07-24,1.85,1.32,476100000,509000000,100000000,1.8504515858013022,409000000
2012-09-30,4501000000,524000000,2012-10-23,1.09,1.06,468100000,635000000,90000000,1.119418927579577,545000000
2012-12-31,4221000000,979000000,2013-01-29,0.89,0.9,463100000,605000000,108000000,2.1140142517814726,497000000
2013-03-31,4009000000,354000000,2013-04-23,0.96,0.96,454800000,366000000,89000000,0.7783641160949868,277000000
2013-06-30,4219000000,465000000,2013-07-23,1.08,1.1,452500000,643000000,89000000,1.0276243093922652,554000000
2013-09-30,3568000000,452000000,2013-10-21,0.99,0.92,448900000,811000000,79000000,1.0069057696591668,732000000
2013-12-31,3554000000,408000000,2014-01-28,0.92,0.91,440900000,708000000,111000000,0.925379904740304,597000000
2014-03-31,3569000000,473000000,2014-04-22,1.11,0.98,425000000,314000000,68000000,1.1129411764705883,246000000
2014-06-30,3719000000,1492000000,2014-07-29,3.66,3.94,407600000,573000000,78000000,3.66045142296369,495000000
2014-09-30,3692000000,531000000,2014-10-21,1.28,1.23,396800000,271000000,126000000,1.3382056451612903,145000000
2014-12-31,3504000000,450000000,2015-01-27,1.18,1.13,389200000,458000000,89000000,1.1562178828365879,369000000
2015-03-31,3342000000,458000000,2015-04-21,1.21,1.17,379200000,442000000,83000000,1.2078059071729959,359000000
2015-06-30,3434000000,480000000,2015-07-22,1.3,1.28,368400000,448000000,64000000,1.3029315960912051,384000000
2015-09-30,3354000000,511000000,2015-10-21,1.39,1.36,367100000,706000000,62000000,1.3919912830291474,644000000
2015-12-31,3275000000,450000000,2016-01-27,1.23,1.21,365900000,703000000,75000000,1.2298442197321673,628000000
2016-03-31,3274000000,468000000,2016-04-20,1.29,1.26,363900000,479000000,57000000,1.2860676009892829,422000000
2016-06-30,3431000000,525000000,2016-07-20,1.46,1.4,358500000,535000000,64000000,1.4644351464435146,471000000
2016-09-30,3495000000,535000000,2016-10-20,1.5,1.49,355500000,624000000,81000000,1.5049226441631505,543000000
2016-12-31,3399000000,507000000,2017-01-25,1.39,1.37,350400000,664000000,71000000,1.446917808219178,593000000
2017-03-31,3471000000,536000000,2017-04-24,1.54,1.45,349000000,463000000,64000000,1.5358166189111748,399000000
2017-06-30,3599000000,587000000,2017-07-24,1.66,1.64,347500000,464000000,77000000,1.6892086330935252,387000000
2017-09-30,3615000000,640000000,2017-10-23,1.71,1.65,346000000,780000000,78000000,1.8497109826589595,702000000
2017-12-31,3629000000,-76000000,2018-01-24,1.7,1.61,342100000,695000000,78000000,-0.22215726395790705,617000000
2018-03-31,3744000000,652000000,2018-04-26,1.9,1.86,342800000,538000000,94000000,1.9019836639439907,444000000
2018-06-30,3831000000,666000000,2018-07-23,1.97,1.97,338900000,620000000,87000000,1.9651814694600176,533000000
2018-09-30,3613000000,638000000,2018-10-24,1.9,1.88,335300000,844000000,101000000,1.9027736355502536,743000000
2018-12-31,3580000000,607000000,2019-02-01,1.83,1.82,331600000,809000000,82000000,1.830518697225573,727000000
2019-03-31,3552000000,597000000,2019-04-25,1.81,1.82,329600000,616000000,77000000,1.8112864077669903,539000000
2019-06-30,3609000000,623000000,2019-07-26,1.91,1.98,326600000,685000000,77000000,1.9075321494182487,608000000
2019-09-30,3479000000,660000000,2019-10-25,2.04,1.95,324000000,920000000,90000000,2.037037037037037,830000000
2019-12-31,3469000000,641000000,2020-01-31,2.21,1.86,322900000,774000000,82000000,1.9851347166305358,692000000
2020-03-31,3228000000,566000000,2020-05-05,1.77,1.69,319700000,614000000,60000000,1.7704097591492023,554000000
2020-06-30,2564000000,319000000,2020-07-31,1.01,0.69,317400000,737000000,56000000,1.0050409577819786,681000000
2020-09-30,3307000000,582000000,2020-10-23,1.83,1.45,317900000,683000000,52000000,1.8307643913180245,631000000
2020-12-31,3475000000,642000000,2021-02-05,2.02,1.77,318100000,773000000,68000000,2.018233259981138,705000000
2021-03-31,3544000000,671000000,2021-04-30,2.11,1.89,317900000,609000000,68000000,2.110726643598616,541000000
2021-06-30,3676000000,775000000,2021-07-30,2.1,2.09,316900000,555000000,78000000,2.4455664247396656,477000000
2021-09-30,3556000000,639000000,2021-10-28,2.02,2.01,315900000,619000000,71000000,2.022792022792023,548000000
2021-12-31,3679000000,609000000,2022-02-03,1.93,1.91,315000000,774000000,79000000,1.9333333333333333,695000000
2022-03-31,3939000000,662000000,2022-05-03,2.11,2.07,313700000,323000000,74000000,2.110296461587504,249000000
2022-06-30,4011000000,738000000,2022-08-02,2.37,2.22,311500000,501000000,81000000,2.3691813804173356,420000000
2022-09-30,4011000000,727000000,2022-10-25,2.35,2.25,309700000,713000000,101000000,2.347432999677107,612000000
2022-12-31,3971000000,907000000,2023-02-02,2.34,2.53,307900000,811000000,156000000,2.945761610912634,655000000
2023-03-31,4019000000,714000000,2023-05-02,2.33,2.23,306100000,728000000,113000000,2.3325710552107153,615000000
2023-06-30,4074000000,754000000,2023-08-01,2.41,2.41,304200000,790000000,85000000,2.4786324786324787,705000000
2023-09-30,4031000000,772000000,2023-10-24,2.55,2.45,303000000,982000000,126000000,2.547854785478548,856000000
2023-12-31,3983000000,717000000,2024-02-01,2.42,2.41,301100000,1039000000,131000000,2.3812686815011626,908000000
2024-03-31,3973000000,819000000,2024-04-30,2.44,2.36,300000000,589000000,95000000,2.73,494000000
2024-06-30,4027000000,759000000,2024-07-30,2.54,2.47,298500000,687000000,116000000,2.542713567839196,571000000
2024-09-30,3966000000,1160000000,2024-10-30,3.91,2.52,297000000,891000000,108000000,3.9057239057239057,783000000
2024-12-31,3932000000,750000000,2025-02-05,2.54,2.5,295800000,1114000000,118000000,2.535496957403651,996000000
2025-03-31,3839000000,700000000,2025-04-30,2.38,2.35,294500000,592000000,96000000,2.3769100169779285,496000000
2025-06-30,4053000000,755000000,2025-07-30,2.58,2.56,292900000,550000000,101000000,2.5776715602594744,449000000
2025-09-30,4059000000,821000000,2025-10-24,2.81,2.72,291700000,1021000000,117000000,2.814535481659239,904000000
