fiscalDateEnding,totalRevenue,netIncome,reportedDate,reportedEPS,estimatedEPS,commonStockSharesOutstanding,operatingCashflow,capitalExpenditures,eps_computed_simple,freeCashFlow
2005-09-30,1519459000,42780000,2005-11-02,0.36,0.36,120149821,79533000,10412000,0.3560554617888278,69121000
2005-12-31,1683458000,43025000,2006-01-23,0.36,0.33,119513889,30279000,10840000,0.3599999996653109,19439000
2006-03-31,1832450000,44500000,2006-04-24,0.37,0.36,120270270,92030000,13597000,0.3700000008314607,78433000
2006-06-30,1926071000,50632000,2006-07-24,0.42,0.38,120552381,-25202000,15279000,0.419999999834097,-40481000
2006-09-30,1979291000,58726000,2006-11-01,0.46,0.43,119792874,126424000,14264000,0.4902294939513681,112160000
2006-12-31,2108507000,61262000,2007-01-22,0.51,0.44,121310891,74592000,14990000,0.5050000003709477,59602000
2007-03-31,2091704000,67226000,2007-04-23,0.55,0.51,122229091,46660000,19554000,0.549999999590932,27106000
2007-06-30,2083689000,74750000,2007-07-23,0.61,0.57,122540984,58795000,13522000,0.6099999980414715,45273000
2007-09-30,2280069000,83892000,2007-11-05,0.68,0.65,123633711,180814000,16554000,0.6785527937440946,164260000
2007-12-31,2471817000,98370000,2008-01-21,0.75,0.7,124518987,-22567000,18346000,0.790000002168344,-40913000
2008-03-31,2664794000,99312000,2008-04-21,0.8,0.77,124280000,29008000,25517000,0.7990988091406501,3491000
2008-06-30,2918927000,108677000,2008-07-21,0.87,0.82,124624000,166978000,43168000,0.8720390935935294,123810000
2008-09-30,3196621000,114383000,2008-11-03,0.92,0.92,125007527,139992000,27755000,0.9150089018239678,112237000
2008-12-31,3232653000,116350000,2009-01-26,0.94,0.89,123977000,203033000,19998000,0.9384805246134363,183035000
2009-03-31,2975452000,109287000,2009-04-27,0.88,0.88,124358000,-1903000,16311000,0.8788095659306197,-18214000
2009-06-30,2706724000,94900000,2009-07-27,0.76,0.75,124748000,280021000,10469000,0.7607336390162568,269552000
2009-09-30,2552547000,79317000,2009-11-16,0.63,0.68,125059000,52316000,8750000,0.6342366403057756,43566000
2009-12-31,2477785000,72437000,2010-01-25,0.58,0.58,125302000,240369000,7741000,0.5780993120620581,232628000
2010-03-31,2586974000,77500000,2010-04-26,0.62,0.58,125565000,-123202000,15631000,0.6172102098514713,-138833000
2010-06-30,2507725000,19043000,2010-07-26,0.63,0.6,125967000,119018000,17857000,0.1511745139600054,101161000
2010-09-30,2343033000,76994000,2010-11-15,0.61,0.62,126315000,-39215000,7846000,0.6095396429561019,-47061000
2010-12-31,2356175,65823,2011-01-24,0.56,0.59,126640000,140273000,6664000,0.00051976468730259,133609000
2011-03-31,2558016000,80250000,2011-04-25,0.63,0.63,127363000,-63246000,10714000,0.6300888013002206,-73960000
2011-06-30,2744178000,90676000,2011-07-25,0.71,0.7,127578000,82916000,66193000,0.7107495022652809,16723000
2011-09-30,2723295000,94280000,2011-11-14,0.74,0.73,127537000,76547000,15178000,0.7392364568713393,61369000
2011-12-31,2631768000,89710000,2012-01-25,0.7,0.7,128087000,146182000,20102000,0.7003833332032134,126080000
2012-03-31,2702851000,83933000,2012-04-30,0.65,0.74,128726000,-24146000,17649000,0.6520283392632413,-41795000
2012-06-30,2772874000,97900000,2012-07-30,0.76,0.75,128820000,19659000,32554000,0.75997515913678,-12895000
2012-09-30,2786285000,107411000,2012-11-12,0.8,0.79,129252000,158110000,32269000,0.8310200229009996,125841000
2012-12-31,2759641000,99010000,2013-01-23,0.76,0.75,129669000,246687000,25174000,0.7635595246358035,221513000
2013-03-31,2835084000,104401000,2013-04-29,0.8,0.83,130730000,5986000,39311000,0.7986001682857798,-33325000
2013-06-30,3080995000,108871000,2013-07-29,0.83,0.85,131295000,184525000,27035000,0.8292090330934155,157490000
2013-09-30,3142656000,110811000,2013-11-18,0.84,0.88,132013000,11318000,35750000,0.8393946050767728,-24432000
2013-12-31,3068891000,93732000,2014-01-22,0.76,0.73,132180000,326480000,37948000,0.7091239219246482,288532000
2014-03-31,3176033000,83460000,2014-04-28,0.82,0.89,132579000,-130745000,29004000,0.629511461091123,-159749000
2014-06-30,3231791000,64842000,2014-07-28,0.84,0.8,132611000,289478000,25081000,0.48896396226557376,264397000
2014-09-30,3218442000,86074000,2014-11-17,0.88,0.86,132217000,236503000,40113000,0.6510055439164404,196390000
2014-12-31,3187005000,100079000,2015-01-28,0.77,0.78,129973000,138971000,33775000,0.7699983842798119,105196000
2015-03-31,2903332000,81967000,2015-04-28,0.72,0.79,127166000,-34790000,25402000,0.6445669439944639,-60192000
2015-06-30,2907541000,91062000,2015-07-28,0.97,0.72,124601000,282572000,10120000,0.730828805547307,272452000
2015-09-30,3116954000,29863000,2015-11-23,0.8,0.77,122548000,97819000,19107000,0.243684107451774,78712000
2015-12-31,2847934000,46514000,2016-02-03,0.78,0.69,121959000,26717000,15987000,0.38139046728818704,10730000
2016-03-31,2781763000,65250000,2016-05-05,0.75,0.68,121143000,237583000,13322000,0.5386196478541888,224261000
2016-06-30,2693873000,69055000,2016-08-09,0.78,0.75,121446000,181448000,17094000,0.5686066235199183,164354000
2016-09-30,2640587000,29644000,2016-11-22,0.77,0.77,121348000,234425000,31312000,0.24428915186076408,203113000
2016-12-31,2551604000,60536000,2017-02-08,0.68,0.62,121851000,105374000,21054000,0.4968034730941888,84320000
2017-03-31,2302567000,50018000,2017-05-09,0.78,0.72,120279000,95675000,24707000,0.41584981584482744,70968000
2017-06-30,2514751000,89032000,2017-08-08,0.79,0.79,119856000,179538000,27791000,0.7428247230009345,151747000
2017-09-30,2653866000,94141000,2017-11-21,0.98,0.82,120126000,194294000,44508000,0.783685463596557,149786000
2017-12-31,2750311000,2163000,2018-02-07,0.77,0.72,125145000,46886000,22687000,0.01728395061728395,24199000
2018-03-31,3935028000,48587000,2018-05-08,1.0,0.87,141785000,7318000,22158000,0.3426808195507282,-14840000
2018-06-30,4156663000,150222000,2018-08-06,1.35,1.21,143029000,214746000,18563000,1.0502905005278649,196183000
2018-09-30,4142644000,-22541000,2018-11-20,1.31,1.24,142196000,212202000,31476000,-0.15852063349180004,180726000
2018-12-31,3083788000,124296000,2019-02-06,0.99,1.05,142154000,-224701000,20721000,0.8743756770826006,-245422000
2019-03-31,3091596000,56917000,2019-05-07,1.19,1.08,139316000,169469000,40759000,0.40854603922019006,128710000
2019-06-30,3169622000,524442000,2019-08-05,1.4,1.24,137823000,-165081000,45190000,3.8051849110816045,-210271000
2019-09-30,3392862000,142324000,2019-11-25,1.48,1.32,136105000,-146123000,29430000,1.0456926637522501,-175553000
2019-12-31,3360049000,257010000,2020-02-04,1.2,1.19,134618000,-137186000,22260000,1.9091800502161673,-159446000
2020-03-31,3427180000,-92087000,2020-05-06,1.39,1.3,132531000,152154000,39077000,-0.6948336615584279,113077000
2020-06-30,3260057000,244929000,2020-08-03,1.26,1.0,131263000,359508000,27484000,1.8659408972825549,332024000
2020-09-30,3519689000,81990000,2020-11-24,1.63,1.32,131443000,432373000,29448000,0.623768477591047,402925000
2020-12-31,3381836000,257048000,2021-02-09,1.41,1.27,131150000,112618000,16766000,1.9599542508577965,95852000
2021-03-31,3547873000,11045000,2021-05-10,1.66,1.38,130262000,237615000,28287000,0.08479065268458952,209328000
2021-06-30,3576436000,165794000,2021-08-03,1.64,1.53,131420000,173341000,20617000,1.2615583625019022,152724000
2021-09-30,3586487000,43144000,2021-11-23,1.58,1.57,131362000,202704000,27144000,0.3284359251533929,175560000
2021-12-31,3380625000,134034000,2022-02-08,1.56,1.58,130294000,321645000,19318000,1.028704314857169,302327000
2022-03-31,3834059000,88816000,2022-05-03,1.72,1.68,129973000,124611000,28905000,0.6833419248613174,95706000
2022-06-30,3827093000,195983000,2022-08-01,1.86,1.81,128933000,-249087000,31830000,1.520037538876781,-280917000
2022-09-30,3881048000,225207000,2022-11-21,1.8,1.77,128577000,277540000,47562000,1.751534100188992,229978000
2022-12-31,3798668000,135647000,2023-02-07,1.67,1.59,127496000,302297000,32187000,1.063931417456234,270110000
2023-03-31,4078332000,216512000,2023-05-09,1.81,1.75,127359000,132041000,35202000,1.7000133480947557,96839000
2023-06-30,4186702000,164239000,2023-08-08,1.82,1.81,127138000,321061000,30851000,1.2918167660337585,290210000
2023-09-30,4288712000,149380000,2023-11-21,1.96,1.87,126865000,219363000,39246000,1.1774721160288495,180117000
2023-12-31,2810227000,171610000,2024-02-06,2.02,1.51,126813000,418361000,17306000,1.3532524268016686,401055000
2024-03-31,2847179000,162112000,2024-05-07,1.91,1.85,126211000,-42823000,27802000,1.2844522268265048,-70625000
2024-06-30,4231580000,146934000,2024-08-06,1.96,1.96,125616000,482603000,37664000,1.1697076805502484,444939000
2024-09-30,-1158957000,325436000,2024-11-19,1.37,1.37,124884000,196532000,38342000,2.6059062810287945,158190000
2024-12-31,2932956000,-18130000,2025-02-04,1.33,1.26,124055000,107456000,10333000,-0.14614485510459072,97123000
2025-03-31,2910415000,5612000,2025-05-06,1.43,1.38,122624000,-96431000,17270000,0.045765918580375785,-113701000
2025-06-30,3029168000,186210000,2025-08-05,1.62,1.54,120491000,292594000,22052000,1.545426629374808,270542000
2025-09-30,3154644000,110745000,2025-11-18,1.75,1.67,120084000,383085000,29577000,0.9222294393924253,353508000
