fiscalDateEnding,totalRevenue,netIncome,reportedDate,reportedEPS,estimatedEPS,commonStockSharesOutstanding,operatingCashflow,capitalExpenditures,eps_computed_simple,freeCashFlow
2005-09-30,452915000,3000000,2005-10-20,0.01,,150000000,-1416000,354808000,0.02,-356224000
2005-12-31,445710000,-42166000,2006-02-01,-0.19,-0.16,177777778,23552000,381217000,-0.23718374970352032,-357665000
2006-03-31,490000000,-32000000,2006-04-25,-0.18,-0.2,177777778,87000000,328000000,-0.179999999775,-241000000
2006-06-30,612000000,14000000,2006-07-25,0.08,0.04,175000000,42000000,377000000,0.08,-335000000
2006-09-30,628000000,-14000000,2006-10-24,0.0,0.0,180000000,80000000,258000000,-0.07777777777777778,-178000000
2006-12-31,633000000,17000000,2007-01-30,0.09,0.11,183333333,65000000,245000000,0.09272727289586777,-180000000
2007-03-31,608000000,-22000000,2007-04-24,-0.12,-0.19,183333333,147000000,276000000,-0.12000000021818182,-129000000
2007-06-30,730000000,21000000,2007-07-24,0.11,0.12,198585000,72000000,234000000,0.10574816829065639,-162000000
2007-09-30,765000000,23000000,2007-10-23,0.12,0.07,198776000,68000000,194000000,0.1157081337787258,-126000000
2007-12-31,739000000,-4000000,2008-01-29,-0.02,-0.05,200000000,71000000,169000000,-0.02,-98000000
2008-03-31,816000000,-8000000,2008-04-22,-0.04,-0.07,214416000,49000000,230000000,-0.03731064845907022,-181000000
2008-06-30,859000000,-7000000,2008-07-22,-0.03,-0.07,225283000,56000000,188000000,-0.031072029403017537,-132000000
2008-09-30,902000000,-4000000,2008-10-23,-0.02,-0.04,225927000,4000000,125000000,-0.017704833862265245,-121000000
2008-12-31,811000000,-57000000,2009-01-29,0.02,-0.02,244394000,-126000000,160000000,-0.2332299483620711,-286000000
2009-03-31,793000000,12000000,2009-04-23,0.08,0.03,274554000,124000000,214000000,0.04370724884722131,-90000000
2009-06-30,807000000,20000000,2009-07-23,0.05,0.02,323262000,101000000,143000000,0.061869319623092105,-42000000
2009-09-30,854000000,15000000,2009-10-22,0.04,0.05,344169000,132000000,34000000,0.04358323962936813,98000000
2009-12-31,832000000,11000000,2010-01-28,0.04,0.03,274053000,129000000,75000000,0.04013822143891875,54000000
2010-03-31,870000000,-1000000,2010-04-28,-0.01,0.03,274053000,229000000,45000000,-0.0036489292217198863,184000000
2010-06-30,939000000,31000000,2010-07-22,0.1,0.08,346437000,127000000,106000000,0.08948235898590509,21000000
2010-09-30,1030000000,59000000,2010-10-21,0.18,0.19,346934000,134000000,82000000,0.17006116437132135,52000000
2010-12-31,940000000,9000000,2011-01-27,0.03,0.05,277261000,33000000,66000000,0.032460389308269104,-33000000
2011-03-31,1012000000,3000000,2011-04-21,0.01,0.01,279342000,231000000,124000000,0.010739523594733338,107000000
2011-06-30,1151000000,25000000,2011-07-26,0.08,0.09,348859000,175000000,106000000,0.07166219016852081,69000000
2011-09-30,1195000000,35000000,2011-10-26,0.12,0.13,346253000,94000000,128000000,0.10108215668889511,-34000000
2011-12-31,1146000000,23000000,2012-01-26,0.08,0.04,281206000,114000000,170000000,0.0817905734586033,-56000000
2012-03-31,1203000000,30000000,2012-04-26,0.09,0.08,342825000,292000000,184000000,0.08750820389411507,108000000
2012-06-30,1277000000,52000000,2012-07-25,0.16,0.16,343786000,198000000,162000000,0.1512568865515175,36000000
2012-09-30,1308000000,45000000,2012-10-25,0.14,0.13,344792000,51000000,71000000,0.13051346898999977,-20000000
2012-12-31,1194000000,1000000,2013-01-29,0.0087,0.02,284521000,157000000,411000000,0.0035146790570819027,-254000000
2013-03-31,1299000000,14000000,2013-04-25,0.05,0.1,308858000,205000000,83000000,0.0453282738345777,122000000
2013-06-30,1335000000,36000000,2013-07-30,0.11,0.14,342993000,197000000,194000000,0.10495841022994638,3000000
2013-09-30,1442000000,71000000,2013-10-29,0.21,0.22,343745000,163000000,78000000,0.20654845888667472,85000000
2013-12-31,1365000000,47000000,2014-01-29,0.14,0.13,344925000,193000000,282000000,0.13626150612451982,-89000000
2014-03-31,1349000000,4000000,2014-04-24,0.01,0.07,297213000,322000000,190000000,0.013458361511777749,132000000
2014-06-30,1493000000,230000000,2014-07-24,0.19,0.19,343866000,219000000,190000000,0.6688651974897198,29000000
2014-09-30,1529000000,79000000,2014-10-23,0.24,0.26,341108000,183000000,217000000,0.23159820350153032,-34000000
2014-12-31,1446000000,88000000,2015-01-29,0.26,0.24,342691000,188000000,260000000,0.25679110335550104,-72000000
2015-03-31,1523000000,137000000,2015-04-28,0.4,0.39,346245000,528000000,168000000,0.39567358373406114,360000000
2015-06-30,1612000000,152000000,2015-07-28,0.44,0.44,347681000,362000000,238000000,0.4371823596917864,124000000
2015-09-30,1687000000,198000000,2015-10-27,0.58,0.57,343519000,404000000,146000000,0.5763873322872971,258000000
2015-12-31,1594000000,190000000,2016-01-28,0.56,0.51,342383000,304000000,389000000,0.5549340942745405,-85000000
2016-03-31,1616000000,207000000,2016-04-26,0.59,0.53,341500000,585000000,166000000,0.6061493411420205,419000000
2016-06-30,1643000000,181000000,2016-07-26,0.53,0.49,342600000,422000000,151000000,0.5283129013426737,271000000
2016-09-30,1732000000,199000000,2016-10-25,0.58,0.6,343100000,310000000,281000000,0.5800058292043136,29000000
2016-12-31,1641000000,172000000,2017-01-26,0.5,0.49,341600000,315000000,413000000,0.5035128805620609,-98000000
2017-03-31,1604000000,82000000,2017-04-25,0.25,0.23,338200000,432000000,285000000,0.24246008279124778,147000000
2017-06-30,1842000000,207000000,2017-07-25,0.64,0.57,331500000,440000000,299000000,0.6244343891402715,141000000
2017-09-30,1813000000,181000000,2017-10-24,0.55,0.53,327800000,194000000,211000000,0.5521659548505186,-17000000
2017-12-31,1758000000,655000000,2018-01-25,0.32,0.34,322167488,332000000,407000000,2.0331039735455865,-75000000
2018-03-31,1754000000,90000000,2018-04-24,0.27,0.22,322300000,494000000,203000000,0.2792429413589823,291000000
2018-06-30,1928000000,-121000000,2018-07-24,0.38,0.36,315000000,236000000,203000000,-0.38412698412698415,33000000
2018-09-30,2008000000,50000000,2018-10-23,0.43,0.42,310300000,206000000,255000000,0.16113438607798905,-49000000
2018-12-31,1968000000,170000000,2019-01-24,0.5,0.42,307800000,281000000,453000000,0.5523066926575698,-172000000
2019-03-31,1871000000,42000000,2019-04-23,0.16,0.12,306900000,420000000,164000000,0.13685239491691104,256000000
2019-06-30,2105000000,179000000,2019-07-23,0.6,0.57,301800000,548000000,306000000,0.5931080185553347,242000000
2019-09-30,2086000000,187000000,2019-10-22,0.59,0.51,295900000,230000000,207000000,0.6319702602230484,23000000
2019-12-31,2031000000,161000000,2020-01-23,0.56,0.55,287900000,251000000,479000000,0.5592219520666898,-228000000
2020-03-31,1588000000,-268000000,2020-05-07,-0.42,-0.36,277200000,124000000,367000000,-0.9668109668109668,-243000000
2020-06-30,215000000,-320000000,2020-07-28,-2.02,-1.92,271700000,99000000,67000000,-1.1777695988222303,32000000
2020-09-30,492000000,-393000000,2020-10-27,-1.75,-1.96,272400000,-446000000,162000000,-1.4427312775330396,-608000000
2020-12-31,661000000,-373000000,2021-01-28,-1.53,-1.69,284100000,-460000000,195000000,-1.312917986624428,-655000000
2021-03-31,733000000,-247000000,2021-04-26,-1.48,-1.69,316300000,177000000,217000000,-0.7809042048687954,-40000000
2021-06-30,1499000000,64000000,2021-07-27,-0.65,-0.74,321500000,1481000000,323000000,0.19906687402799378,1158000000
2021-09-30,1972000000,130000000,2021-10-26,-0.12,-0.18,321300000,97000000,263000000,0.4046062869592281,-166000000
2021-12-31,1834000000,-129000000,2022-01-27,-0.36,-0.39,319600000,-113000000,192000000,-0.40362953692115144,-305000000
2022-03-31,1736000000,-255000000,2022-04-26,-0.8,-0.85,320500000,247000000,134000000,-0.7956318252730109,113000000
2022-06-30,2445000000,-188000000,2022-08-02,-0.47,-0.11,323100000,52000000,205000000,-0.5818632002476014,-153000000
2022-09-30,2562000000,57000000,2022-10-25,0.21,0.23,325000000,22000000,260000000,0.1753846153846154,-238000000
2022-12-31,2415000000,24000000,2023-01-26,0.22,0.2,327800000,58000000,324000000,0.07321537522879805,-266000000
2023-03-31,2328000000,-192000000,2023-04-25,-0.34,-0.38,327600000,405000000,172000000,-0.5860805860805861,233000000
2023-06-30,2610000000,138000000,2023-08-01,0.45,0.44,333600000,258000000,285000000,0.4136690647482014,-27000000
2023-09-30,2353000000,-153000000,2023-10-31,-0.39,-0.25,333300000,-177000000,316000000,-0.459045904590459,-493000000
2023-12-31,2325000000,-103000000,2024-01-30,-0.19,-0.28,337800000,-86000000,433000000,-0.3049141503848431,-519000000
2024-03-31,2209000000,-716000000,2024-04-23,-0.43,-0.52,339700000,204000000,466000000,-2.107742125404769,-262000000
2024-06-30,2428000000,25000000,2024-07-30,0.08,-0.11,348900000,-14000000,451000000,0.07165376898824878,-465000000
2024-09-30,2365000000,-60000000,2024-10-29,-0.16,-0.21,346900000,-29000000,285000000,-0.17296050735082155,-314000000
2024-12-31,2277000000,-44000000,2025-01-28,-0.21,-0.3,346900000,-17000000,417000000,-0.1268377053906025,-434000000
2025-03-31,2140000000,-208000000,2025-04-29,-0.59,-0.63,353700000,114000000,177000000,-0.5880689850155499,-63000000
2025-06-30,2356000000,-74000000,2025-07-29,-0.16,-0.32,361300000,-115000000,119000000,-0.20481594243011347,-234000000
2025-09-30,2322000000,-143000000,2025-10-28,-0.4,-0.46,363700000,-142000000,281000000,-0.39318119329117407,-423000000
