fiscalDateEnding,totalRevenue,netIncome,reportedDate,reportedEPS,estimatedEPS,commonStockSharesOutstanding,operatingCashflow,capitalExpenditures,eps_computed_simple,freeCashFlow
2024-03-31,44293000,27755000,2024-05-29,0.52,0.51,65021643,324675000,0,0.4268578694635569,324675000
2024-06-30,40880000,31180000,2024-08-13,0.52,0.52,71116459,-217313000,0,0.4384357775743587,-217313000
2024-09-30,47953000,37556000,2024-11-13,0.52,0.52,71083885,-23666000,0,0.5283335315732954,-23666000
2024-12-31,48429000,35449000,2025-03-03,0.48,0.54,71032941,21335000,0,0.4990501519569632,21335000
2025-03-31,39679000,22215000,2025-05-12,0.31,0.47,71234684,20495000,0,0.3118565107974649,20495000
2025-06-30,43953000,24910000,2025-08-11,0.35,0.44,70901688,16090000,0,0.3513315508087762,16090000
2025-09-30,46366000,24613000,2025-11-10,0.43,0.45,70430331,25601000,0,0.3494659140534211,25601000
