fiscalDateEnding,totalRevenue,netIncome,reportedDate,reportedEPS,estimatedEPS,commonStockSharesOutstanding,operatingCashflow,capitalExpenditures,eps_computed_simple,freeCashFlow
2012-09-30,4588000000,466000000,2012-11-07,0.7939,,592000000,966000000,101000000,0.7871621621621622,865000000
2012-12-31,4494000000,101000000,2013-03-21,0.1603,,599000000,968000000,158000000,0.1686143572621035,810000000
2013-03-31,4513000000,456000000,2013-05-03,0.7605,,597000000,232000000,85000000,0.7638190954773869,147000000
2013-06-30,4716000000,829000000,2013-08-02,1.3773,,599000000,379000000,127000000,1.3839732888146912,252000000
2013-09-30,4394000000,500000000,2013-10-30,0.7,0.62,600000000,508000000,162000000,0.8333333333333334,346000000
2013-12-31,4595000000,931000000,2014-02-13,0.43,0.61,600000000,924000000,183000000,1.5516666666666667,741000000
2014-03-31,4362000000,513000000,2014-05-01,0.83,0.76,601000000,251000000,76000000,0.8535773710482529,175000000
2014-06-30,4747000000,482000000,2014-07-30,0.8,0.82,600000000,389000000,110000000,0.8033333333333333,279000000
2014-09-30,4400000000,446000000,2014-10-29,0.77,0.73,598000000,240000000,140000000,0.745819397993311,100000000
2014-12-31,4696000000,-398000000,2015-02-12,0.75,0.73,588000000,1140000000,209000000,-0.6768707482993197,931000000
2015-03-31,4352000000,429000000,2015-04-22,0.86,0.81,593000000,334000000,139000000,0.7234401349072512,195000000
2015-06-30,4515000000,551000000,2015-08-10,0.98,0.84,597000000,724000000,117000000,0.9229480737018425,607000000
2015-09-30,6120000000,-123000000,2015-11-05,0.44,0.62,1142000000,-312000000,110000000,-0.10770577933450087,-422000000
2015-12-31,7124000000,645000000,2016-02-25,0.62,0.58,1225000000,1721000000,282000000,0.5265306122448979,1439000000
2016-03-31,6570000000,896000000,2016-05-04,0.73,0.62,1225000000,270000000,303000000,0.7314285714285714,-33000000
2016-06-30,6793000000,950000000,2016-08-04,0.85,0.72,1227000000,1834000000,211000000,0.7742461287693562,1623000000
2016-09-30,6267000000,842000000,2016-11-03,0.83,0.75,1228000000,762000000,322000000,0.6856677524429967,440000000
2016-12-31,6857000000,944000000,2017-02-15,0.91,0.88,1226000000,2372000000,411000000,0.7699836867862969,1961000000
2017-03-31,6324000000,893000000,2017-05-03,0.84,0.86,1229000000,-151000000,368000000,0.726606997558991,-519000000
2017-06-30,6637000000,1159000000,2017-08-03,0.98,0.95,1229000000,1042000000,322000000,0.9430431244914564,720000000
2017-09-30,6280000000,944000000,2017-11-01,0.83,0.82,1228000000,-875000000,266000000,0.7687296416938111,-1141000000
2017-12-31,6877000000,8003000000,2018-02-16,0.9,0.95,1227453988,511000000,261000000,6.519999998566138,250000000
2018-03-31,6304000000,1003000000,2018-05-02,0.89,0.82,1228000000,413000000,223000000,0.8167752442996743,190000000
2018-06-30,6690000000,754000000,2018-08-03,1.0,0.92,1226000000,-184000000,215000000,0.6150081566068516,-399000000
2018-09-30,6383000000,619000000,2018-11-01,0.78,0.81,1226000000,670000000,156000000,0.5048939641109299,514000000
2018-12-31,6891000000,-12568000000,2019-02-21,0.84,0.94,1219000000,1696000000,232000000,-10.310090237899917,1464000000
2019-03-31,6900000000,-12571000000,2019-05-01,0.66,0.61,1220000000,1675000000,232000000,-10.304098360655738,1443000000
2019-06-30,6406000000,449000000,2019-08-08,0.78,0.75,1224000000,1021000000,199000000,0.3668300653594771,822000000
2019-09-30,6076000000,899000000,2019-10-31,0.69,0.54,1223000000,665000000,133000000,0.7350776778413737,532000000
2019-12-31,6536000000,182000000,2020-02-13,0.72,0.68,1225000000,1562000000,187000000,0.14857142857142858,1375000000
2020-03-31,6157000000,378000000,2020-04-30,0.58,0.55,1224000000,212000000,131000000,0.3088235294117647,81000000
2020-06-30,6648000000,-1651000000,2020-07-30,0.8,0.65,1223000000,2004000000,127000000,-1.349959116925593,1877000000
2020-09-30,6441000000,597000000,2020-10-29,0.7,0.62,1229000000,1110000000,139000000,0.48576078112286414,971000000
2020-12-31,6939000000,1032000000,2021-02-11,0.8,0.74,1230000000,1603000000,199000000,0.8390243902439024,1404000000
2021-03-31,6394000000,568000000,2021-04-29,0.72,0.59,1232000000,810000000,227000000,0.461038961038961,583000000
2021-06-30,6615000000,-25000000,2021-08-04,0.78,0.72,1224000000,1219000000,204000000,-0.02042483660130719,1015000000
2021-09-30,6324000000,736000000,2021-10-27,0.65,0.58,1236000000,419000000,224000000,0.5954692556634305,195000000
2021-12-31,6709000000,-255000000,2022-02-16,0.79,0.63,1225000000,2916000000,250000000,-0.20816326530612245,2666000000
2022-03-31,6045000000,781000000,2022-04-27,0.6,0.53,1234000000,486000000,214000000,0.63290113452188,272000000
2022-06-30,6554000000,265000000,2022-07-27,0.7,0.68,1235000000,302000000,221000000,0.2145748987854251,81000000
2022-09-30,6505000000,435000000,2022-10-26,0.63,0.56,1235000000,729000000,197000000,0.3522267206477733,532000000
2022-12-31,7381000000,887000000,2023-02-15,0.85,0.78,1233000000,952000000,284000000,0.7193836171938361,668000000
2023-03-31,6489000000,836000000,2023-05-03,0.68,0.6,1234000000,486000000,266000000,0.6774716369529984,220000000
2023-06-30,6721000000,1000000000,2023-08-02,0.79,0.76,1235000000,1098000000,242000000,0.8097165991902834,856000000
2023-09-30,6570000000,262000000,2023-11-01,0.72,0.66,1235000000,1036000000,271000000,0.21214574898785424,765000000
2023-12-31,6860000000,757000000,2024-02-14,0.78,0.77,1232000000,1356000000,234000000,0.614448051948052,1122000000
2024-03-31,6411000000,801000000,2024-05-01,0.69,0.69,1223000000,771000000,294000000,0.6549468520032706,477000000
2024-06-30,6476000000,102000000,2024-07-31,0.78,0.74,1216000000,942000000,389000000,0.08388157894736842,553000000
2024-09-30,6383000000,-290000000,2024-10-30,0.75,0.74,1210000000,1083000000,234000000,-0.2396694214876033,849000000
2024-12-31,6576000000,2131000000,2025-02-12,0.84,0.779,1207000000,1388000000,247000000,1.7655343827671914,1141000000
2025-03-31,5999000000,712000000,2025-04-29,0.62,0.6014,1194000000,720000000,238000000,0.5963149078726968,482000000
2025-06-30,6352000000,-7824000000,2025-07-29,0.69,0.636,1190000000,1209000000,187000000,-6.574789915966386,1022000000
2025-09-30,6237000000,615000000,2025-10-29,0.61,0.58,1186000000,1157000000,171000000,0.5185497470489039,986000000
