fiscalDateEnding,totalRevenue,netIncome,reportedDate,reportedEPS,estimatedEPS,commonStockSharesOutstanding,operatingCashflow,capitalExpenditures,eps_computed_simple,freeCashFlow
2005-11-30,1423980000,22931000,2005-12-21,0.13,0.1,213014000,22510000,38250000,0.10765020139521346,-15740000
2006-02-28,1623774000,40403000,2006-03-30,0.19,0.19,210530000,-26394000,40943000,0.19191089155939772,-67337000
2006-05-31,1885139000,56776000,2006-06-19,0.27,0.19,214112000,48085000,25139000,0.26516963084740697,22946000
2006-08-31,1929542000,54264000,2006-09-20,0.25,0.21,215302000,38666000,29178000,0.2520366740671243,9488000
2006-11-30,1768147000,45419000,2006-12-20,0.21,0.12,217767000,50814000,60402000,0.20856695458907915,-9588000
2007-02-28,1882828000,42138000,2007-03-29,0.19,0.21,213022000,-765000,77041000,0.1978105547783797,-77806000
2007-05-31,2147134000,65355000,2007-06-20,0.3,0.3,220130000,75399000,60883000,0.29689274519602055,14516000
2007-08-31,2122530000,64995000,2007-09-19,0.29,0.29,220580000,92626000,71209000,0.29465500045335025,21417000
2007-11-30,1885300000,29846000,2007-12-19,0.14,0.17,220558000,-14108000,60348000,0.13532041458482577,-74456000
2008-02-29,2044607000,21829000,2008-04-02,0.1,0.16,217094000,-74397000,60666000,0.10055091342920579,-135063000
2008-05-31,2208763000,29558000,2008-06-18,0.13,0.22,220484000,79356000,75732000,0.1340596143030787,3624000
2008-08-31,1839054000,14006000,2008-09-22,0.06,0.08,219956000,139545000,61787000,0.06367637163796395,77758000
2008-11-30,1455632000,-21874000,2008-12-19,-0.1,0.01,217712000,87727000,26445000,-0.1004721834349967,61282000
2009-02-28,1470517000,37523000,2009-04-02,0.17,0.02,217712000,-42037000,21736000,0.17235154699786875,-63773000
2009-05-31,1834300000,28748000,2009-06-19,0.11,0.04,218840000,-79417000,5662000,0.1313653811003473,-85079000
2009-08-31,2076671000,102971000,2009-09-22,0.46,0.18,221334000,28128000,8666000,0.46522902039451686,19462000
2009-11-30,1725977000,74589000,2009-12-18,0.33,0.16,223879000,107766000,4044000,0.33316657658824633,103722000
2010-02-28,1833245000,75360000,2010-04-01,0.33,0.25,222221000,-6187000,4062000,0.33912186517025844,-10249000
2010-05-31,2261912000,101119000,2010-06-23,0.44,0.33,226179000,71250000,9154000,0.4470751042316042,62096000
2010-08-31,2341880000,107885000,2010-09-22,0.48,0.4,226132000,-80716000,6078000,0.47708860311676365,-86794000
2010-11-30,2119129000,82364000,2010-12-21,0.36,0.34,228471000,-13022000,23304000,0.3605008950807761,-36326000
2011-02-28,2252633000,89510000,2011-03-31,0.38,0.38,223953000,5290000,38044000,0.3996820761499065,-32754000
2011-05-31,2679417000,126288000,2011-06-22,0.55,0.47,230278000,22092000,31046000,0.5484153935677746,-8954000
2011-08-31,2587819000,111895000,2011-09-22,0.49,0.51,230681000,-103733000,49179000,0.4850637893888097,-152912000
2011-11-30,2260514000,82794000,2011-12-21,0.36,0.38,230632000,79214000,25765000,0.35898747788685004,53449000
2012-02-29,2475849000,92818000,2012-04-05,0.41,0.4,227773000,-59737000,66626000,0.4075022061438362,-126363000
2012-05-31,2774420000,120746000,2012-06-21,0.52,0.53,231802000,-115520000,47636000,0.520901459003805,-163156000
2012-08-31,2758004000,111636000,2012-09-20,0.48,0.52,231696000,-170412000,56282000,0.48182100683654444,-226694000
2012-11-30,2602446000,94681000,2012-12-20,0.41,0.39,232656000,-213296000,81024000,0.40695705247231967,-294320000
2013-02-28,2827948000,107221000,2013-04-10,0.46,0.46,231136000,-279213000,50765000,0.46388706216253633,-329978000
2013-05-31,3311057000,146651000,2013-06-21,0.64,0.58,228552000,-77579000,42045000,0.6416526654765655,-119624000
2013-08-31,3245552000,140274000,2013-09-24,0.62,0.57,227634000,-186030000,93966000,0.6162260470755687,-279996000
2013-11-30,2941407000,106452000,2013-12-20,0.47,0.48,227417000,-229531000,76889000,0.4680916554171412,-306420000
2014-02-28,3076283000,99209000,2014-04-04,0.52,0.53,226715000,-120023000,97417000,0.43759345433694286,-217440000
2014-05-31,3750196000,169653000,2014-06-20,0.76,0.67,223632000,-209080000,53709000,0.7586257780639623,-262789000
2014-08-31,3599194000,154518000,2014-09-23,0.64,0.67,221070000,-227539000,81584000,0.6989550821006921,-309123000
2014-11-30,3405234000,130049000,2014-12-19,0.6,0.54,217025000,-347996000,103567000,0.5992351111623085,-451563000
2015-02-28,3514092000,143138000,2015-04-02,0.67,0.6,212899000,-183515000,70957000,0.6723281931808041,-254472000
2015-05-31,4014888000,181974000,2015-06-19,0.86,0.86,211652000,117554000,59437000,0.8597792602952016,58117000
2015-08-31,3884913000,172228000,2015-09-22,0.82,0.75,209648000,-202298000,86290000,0.8215103411432496,-288588000
2015-11-30,3544069000,128199000,2015-12-18,0.63,0.68,203383000,-296835000,95108000,0.630332918680519,-391943000
2016-02-29,3705805000,141027000,2016-04-07,0.74,0.71,197383000,232686000,74749000,0.7144840234468014,157937000
2016-05-31,4126386000,175360000,2016-06-21,0.9,0.92,195253000,87607000,97463000,0.8981168023026534,-9856000
2016-08-31,3997248000,162362000,2016-09-21,0.88,0.88,193623000,-125205000,117124000,0.8385470734365236,-242329000
2016-11-30,3701524000,136645000,2016-12-20,0.72,0.7,190818000,-303285000,100956000,0.7161012063851419,-404241000
2017-02-28,4049960000,152603000,2017-04-06,0.81,0.79,189082000,-125012000,102601000,0.8070731217143885,-227613000
2017-05-31,4542334000,211702000,2017-06-21,1.13,0.98,186859000,191493000,79416000,1.1329505134887803,112077000
2017-08-31,4386640000,181424000,2017-09-22,0.98,0.95,184696000,-110396000,75694000,0.9822844024775848,-186090000
2017-11-30,4361644000,148840000,2017-12-21,0.81,0.81,184033000,-274219000,72449000,0.808767992696962,-346668000
2018-02-28,4084218000,122146000,2018-04-04,0.77,0.87,182239000,112572000,69257000,0.6702517024347149,43315000
2018-05-31,5029976000,238656000,2018-06-22,1.33,1.24,179421000,230849000,79720000,1.3301453007173074,151129000
2018-08-31,5006741000,220890000,2018-09-26,1.24,1.21,178200000,-119964000,91391000,1.2395622895622895,-211355000
2018-11-30,4542212000,190311000,2018-12-21,1.09,1.0,175321000,3745000,72200000,1.0855003108583683,-68455000
2019-02-28,4569207000,192556000,2019-03-29,1.13,1.04,170480000,48341000,61325000,1.129493195682778,-12984000
2019-05-31,5632477000,266744000,2019-06-21,1.59,1.49,167643000,43201000,78970000,1.5911430838150116,-35769000
2019-08-31,5476882000,233599000,2019-09-24,1.4,1.33,167272000,-168657000,92377000,1.3965218327036204,-261034000
2019-11-30,5068961000,173156000,2019-12-20,1.04,1.16,166534000,7550000,77830000,1.039763651866886,-70280000
2020-02-29,5245797000,214934000,2020-04-02,1.3,1.13,165810000,-118700000,82719000,1.2962668114106508,-201419000
2020-05-31,3511232000,4978000,2020-06-19,-0.15,0.04,163537000,1249559000,62871000,0.03043959470945413,1186688000
2020-08-31,5652361000,296696000,2020-09-24,1.79,1.08,165623000,-359783000,29127000,1.791393707395712,-388910000
2020-11-30,5473489000,235300000,2020-12-22,1.42,1.14,165773000,-21390000,31954000,1.419410881144698,-53344000
2021-02-28,5455177000,209945000,2021-04-01,1.27,1.26,165596000,-200626000,40584000,1.267814439962318,-241210000
2021-05-31,8007930000,436756000,2021-06-25,2.63,1.63,166295000,-111883000,59145000,2.626392856069034,-171028000
2021-08-31,8312392000,285267000,2021-09-30,1.72,1.9,165643000,-1273438000,78693000,1.7221796272706966,-1352131000
2021-11-30,8857827000,269438000,2021-12-22,1.63,1.44,164873000,-697324000,89065000,1.6342154264191227,-786389000
2022-02-28,8019070000,159836000,2022-04-12,0.98,1.25,163869000,-466805000,81631000,0.9753888777010905,-548436000
2022-05-31,9658294000,252265000,2022-06-24,1.56,1.49,161798000,530952000,94808000,1.559135465209706,436144000
2022-08-31,8501972000,125905000,2022-09-29,0.79,1.39,160218000,-51363000,109655000,0.7858355490643998,-161018000
2022-11-30,6871452000,37580000,2022-12-22,0.24,0.7,158536000,1182488000,115023000,0.2370439521622849,1067465000
2023-02-28,6094659000,69012000,2023-04-11,0.44,0.24,158465000,-378745000,103224000,0.4355031079418168,-481969000
2023-05-31,8087521000,228298000,2023-06-23,1.16,0.79,158561000,-185285000,136719000,1.4398118074431923,-322004000
2023-08-31,7490823000,118635000,2023-09-28,0.75,0.78,159238000,124165000,73448000,0.7450168929526871,50717000
2023-11-30,6575397000,82003000,2023-12-21,0.52,0.43,158799000,210099000,145275000,0.5163949395147325,64824000
2024-02-29,6059670000,50268000,2024-04-11,0.32,0.49,158228000,309638000,109865000,0.3176934550142832,199773000
2024-05-31,7565867000,152440000,2024-06-21,0.97,0.96,157706000,-117689000,103914000,0.9666087529960813,-221603000
2024-08-31,7478009000,132809000,2024-09-26,0.85,0.86,156526000,619103000,109209000,0.8484788469647215,509894000
2024-11-30,6692556000,125441000,2024-12-19,0.81,0.6077,155265000,-23352000,127199000,0.8079154993076353,-150551000
2025-02-28,6470737000,89866000,2025-04-09,0.58,0.6616,155663000,146377000,127617000,0.5773112428772412,18760000
2025-05-31,8031891000,210381000,2025-06-19,1.38,1.1666,152607000,299543000,136736000,1.3785802748235665,162807000
2025-08-31,7084522000,95378000,2025-09-25,0.64,1.04,151122000,785494000,131468000,0.6311324625137307,654026000
2025-11-30,5793946000,62215000,2025-12-18,0.43,0.3782,149382000,1253077000,139758000,0.4164825748751523,1113319000
