fiscalDateEnding,totalRevenue,netIncome,reportedDate,reportedEPS,estimatedEPS,commonStockSharesOutstanding,operatingCashflow,capitalExpenditures,eps_computed_simple,freeCashFlow
2010-03-31,4998300000000,300600000000,2010-04-30,0.5272,,486392936,1194652000000.0,1829787000000.0,618.0188439249866,-635135000000.0
2010-06-30,4986447000000,343661000000,2010-07-30,0.7332,,486406464,,,706.5304954499946,
2010-09-30,5233400000000,350600000000,2010-11-02,0.7976,,486431688,,,720.7589650286105,
2010-12-31,6289213000000,101205000000,2011-01-31,0.2931,,486431688,2850392000.0,2865201000.0,208.05593569800493,-14809000.0
2011-03-31,5303700000000,555200000000,2011-05-06,1.0101,,486431688,,0.0,1141.3730102221466,
2011-06-30,5343000000000,421000000000,2011-08-05,0.7929,,486431688,,0.0,865.4863784285369,
2011-09-30,4992000000000,256000000000,2011-11-07,0.4767,,522223616,,0.0,490.2114576143565,
2011-12-31,6379051000000,214551000000,2012-03-31,1.3875,,522223616,1856115000.0,2769389000.0,410.84124391647583,-913274000.0
2012-03-31,5758000000000,387000000000,2012-06-30,0.7931,,486429604,798988000000.0,1012395000000.0,795.5930248028243,-213407000000.0
2012-06-30,5773000000000,238000000000,2012-09-30,1.3666,,487223112,2115614000000.0,1123845000000.0,488.48257428313457,991769000000.0
2012-09-30,6519000000000,372000000000,2012-12-31,0.4247,,487271612,953287000000.0,685594000000.0,763.4345831745273,267693000000.0
2012-12-31,5740359000000,39047000000,2013-03-31,0.6697,,486429322,1853509000000.0,1983241000000.0,80.272710204752,-129732000000.0
2013-03-31,6104463000000,181589000000,2013-06-30,0.3886,,487271612,160973000000.0,718605000000.0,372.66484549483664,-557632000000.0
2013-06-30,5757044000000,108512000000,2013-09-30,0.4045,,487607296,1401019000000.0,835223000000.0,222.53973820769082,565796000000.0
2013-09-30,5734613000000,106037000000,2013-11-01,-2.2809,,487742300,1253803000000.0,961451000000.0,217.40373963873955,292352000000.0
2013-12-31,6132553000000,-586069000000,2014-01-28,-0.3641,,487742300,1295278000000.0,1122873000000.0,-1201.5955966911215,172405000000.0
2014-03-31,5846074000000,-72038000000,2014-04-30,-3.2704,,487607296,593151000000.0,1169381000000.0,-147.73774016703803,-576230000000.0
2014-06-30,5895469000000,-786884000000,2014-07-29,0.0901,,488613752,-28710000000.0,711498000000.0,-1610.4417789698232,-740208000000.0
2014-09-30,5955553000000,48848000000,2014-10-31,0.0956,,489472918,719945000000.0,704534000000.0,99.79714546740254,15411000000.0
2014-12-31,5424100000000,-244900000000,2015-01-30,-0.4602,,522223616,632027000000.0,845833000000.0,-468.95619519435905,-213806000000.0
2015-03-31,5436406000000,262257000000,2015-04-29,0.4861,,522223616,850343000000.0,1155451000000.0,502.19291499831365,-305108000000.0
2015-06-30,5431340000000,299675000000,2015-07-31,0.5575,,489713942,1129536000000.0,706346000000.0,611.9388775743697,423190000000.0
2015-09-30,5492214000000,116979000000,2015-10-30,0.2026,,489699600,1772698000000.0,830491000000.0,238.8791005751281,942207000000.0
2015-12-31,5958900000000,-125900000000,2016-01-29,-0.2225,,489699600,477388000000.0,822817000000.0,-257.09639133869007,-345429000000.0
2016-03-31,5515000000000,186000000000,2016-05-18,0.3186,,489699600,477388000000.0,822817000000.0,379.8246925257852,-345429000000.0
2016-06-30,5677628000000,230090000000,2016-07-29,0.4303,0.65,489688546,1712829000000.0,525712000000.0,469.8700875882852,1187117000000.0
2016-09-30,5529900000000,211400000000,2016-11-14,0.3622,0.57,489943286,1180857000000.0,716021000000.0,431.47851198434427,464836000000.0
2016-12-31,6032437000000,80831000000,2017-02-01,0.1426,0.63,489943286,3963306000.0,2296484000.0,164.98031978338,1666822000.0
2017-03-31,6032437000000,80831000000,2017-04-28,0.3658,0.63,244971643,950227000000.0,826374000000.0,329.96063956676,123853000000.0
2017-06-30,5842474000000,222199000000,2017-09-12,0.3766,,489949794,1331468000000.0,355128000000.0,453.5138145195342,976340000000.0
2017-09-30,5826565000000,179871000000,2017-11-01,0.32,0.68,245055858,1267235000000.0,678767000000.0,734.0000009304001,588468000000.0
2017-12-31,6785621000,461401166000,2018-02-06,-0.46,0.36,609190871400,3632824000.0,2287968000.0,0.7574000000026921,1344856000.0
2018-03-31,6266178000000,-141293000000,2018-05-03,0.3504,0.37,245097055,736987000000.0,679151000000.0,-576.4777549040726,57836000000.0
2018-06-30,5806938000000,251022000000,2018-08-03,0.4301,0.45,490200494,1178336000000.0,436806000000.0,512.0802673038514,741530000000.0
2018-09-30,5948481000000,222480000000,2018-11-02,0.404,0.41,489717744,1343799000000.0,624452000000.0,454.3025094063163,719347000000.0
2018-12-31,5754432000000,-24888000000,2019-02-11,0.0312,-0.03,489717744,693934000000.0,1019180000000.0,-50.821111354298814,-325246000000.0
2019-03-31,5834377000000,231090000000,2019-05-02,0.4029,0.36,244858872,1090820000000.0,1067694000000.0,943.7681310563254,23126000000.0
2019-06-30,6098533000000,173934000000,2019-08-06,0.2929,0.29,490297856,1180810000000.0,975748000000.0,354.7517042375156,205062000000.0
2019-09-30,6213675000000,189739000000,2019-11-07,0.3257,0.32,490483100,938096000000.0,908283000000.0,386.8410552779494,29813000000.0
2019-12-31,6195479000000,24419000000,2020-02-05,0.0408,0.04,490305910,535447000000.0,848624000000.0,49.80360118441158,-313177000000.0
2020-03-31,5831716000000,208315000000,2020-05-12,0.3585,0.35,245152955,924310000000.0,1270147000000.0,849.7348114771858,-345837000000.0
2020-06-30,5876503000000,176605000000,2020-08-06,0.3111,0.31,245372026,1507549000000.0,817373000000.0,719.7438227942088,690176000000.0
2020-09-30,6001198000000,203424000000,2020-11-05,0.3761,0.378,245471840,1250230000000.0,755143000000.0,828.7060544297057,495087000000.0
2020-12-31,6207250000000,69681000000,2021-03-29,0.1277,0.182,490744050,1057738000000.0,881821000000.0,141.99051419981558,175917000000.0
2021-03-31,6029426000000,302624000000,2021-05-10,0.5476,0.5709,245372025,1163314000000.0,1271273000000.0,1233.3272303556203,-107959000000.0
2021-06-30,6027612000000,338817000000,2021-08-09,0.613,0.6148,234472426,1494105000000.0,983353000000.0,1445.0185285326472,510752000000.0
2021-09-30,6217382000000,310852000000,2021-11-08,0.5512,0.5504,234741061,1504776000000.0,963672000000.0,1324.2335988248772,541104000000.0
2021-12-31,6623585000000,404585000000,2022-02-09,0.6971,0.709,468751628,1399639000000.0,1033165000000.0,863.1116690222993,366474000000.0
2022-03-31,6277700000000,409825000000,2022-04-26,0.6782,0.6856,234375814,836083000000.0,1347605000000.0,1748.5805937296925,-511522000000.0
2022-06-30,6312152000000,313120000000,2022-08-09,0.4943,0.5015,235960864,1216086000000.0,778929000000.0,1326.9997180549399,437157000000.0
2022-09-30,6477201000000,297590000000,2022-11-08,0.4588,0.46,241061898,1156502000000.0,1032058000000.0,1234.4962122549953,124444000000.0
2022-12-31,6582958000000,239935000000,2023-02-22,0.1979,0.2493,512085356,388394000000.0,828545000000.0,468.54493530957365,-440151000000.0
2023-03-31,6443676000000,296614000000,2023-05-10,0.4532,0.45,256042678,858139000000.0,1125144000000.0,1158.4553103291632,-267005000000.0
2023-06-30,6547521000000,394533000000,2023-08-07,0.6226,0.5934,499286960,1819403000000.0,1038085000000.0,790.1928782598288,781318000000.0
2023-09-30,6697500000000,264289000000,2023-11-06,0.347,0.4154,496718052,1785788000000.0,852776000000.0,532.0704551321602,933012000000.0
2023-12-31,6698376213000,-41711060000,2024-02-07,0.3174,0.3448,492826844,1039959000000.0,1157168000000.0,-84.63633933057429,-117209000000.0
2024-03-31,6654600000000,375530000000,2024-05-09,0.5729,0.4787,491436000,1114267000000.0,874674000000.0,764.1483326414833,239593000000.0
2024-06-30,6546399000000,393025000000,2024-08-08,0.5826,0.59,491564000,2122059000000.0,643704000000.0,799.5398361149311,1478355000000.0
2024-09-30,6654615000000,357341000000,2024-11-05,0.5346,0.4905,491852000,1163728000000.0,875744000000.0,726.5213926140384,287984000000.0
2024-12-31,6575604000000,-655614000000,2025-02-13,-0.8849,-0.91,491665892,665742000000.0,871785000000.0,-1333.454304371392,-206043000000.0
2025-03-31,6845100000000,539839000000,2025-05-08,0.7556,0.7566,488846000,630249000000.0,1678741000000.0,1104.313014732656,-1048492000000.0
2025-06-30,7427400000000,687941000000,2025-08-11,0.9952,0.9315,486846000,2056039000000.0,696742000000.0,1413.0566955464355,1359297000000.0
2025-09-30,7126700000000,445300000000,2025-11-13,0.5847,0.5641,482190000,1263884000000.0,673552000000.0,923.4948879072565,590332000000.0
