fiscalDateEnding,totalRevenue,netIncome,reportedDate,reportedEPS,estimatedEPS,commonStockSharesOutstanding,operatingCashflow,capitalExpenditures,eps_computed_simple,freeCashFlow
2005-09-30,105751000,2212000,2005-11-01,0.2257,,9801893,-5618000,1946000,0.22567069442606646,-7564000
2005-12-31,107079000,-5445000,2006-02-22,-0.5613,,9816000,9225000,1847000,-0.5547066014669927,7378000
2006-03-31,109816000,2542000,2006-05-01,0.259,,9816149,-11645000,1655000,0.2589610243283797,-13300000
2006-06-30,118683000,2992000,2006-08-02,0.3,0.19,9833117,6189000,3208000,0.30427788055405014,2981000
2006-09-30,116425000,3139000,2006-10-31,0.32,0.27,9854625,8816000,3650000,0.3185306391668886,5166000
2006-12-31,115527000,2994000,2007-02-27,0.3,0.28,9854000,4823000,3866000,0.30383600568297137,957000
2007-03-31,124891000,3537000,2007-05-01,0.35,0.33,10024905,-5028000,2721000,0.3528212985559464,-7749000
2007-06-30,137598000,4151000,2007-08-01,0.41,0.34,10118653,2162000,1459000,0.41023246868926133,703000
2007-09-30,140715000,3160000,2007-10-31,0.37,0.31,10134909,19251000,1251000,0.3117936234059921,18000000
2007-12-31,142393000,4623000,2008-02-26,0.46,0.31,10107000,11116000,3734000,0.4574057583852775,7382000
2008-03-31,147718000,5093000,2008-04-29,0.5,0.41,10126764,-6192000,1949000,0.5029247250158095,-8141000
2008-06-30,158188000,4321000,2008-07-30,0.49,0.46,10480807,14309000,5089000,0.41227741337093604,9220000
2008-09-30,159506000,4440000,2008-10-28,0.51,0.44,10701177,2882000,2160000,0.41490763118860663,722000
2008-12-31,116229000,-2722000,2009-02-25,-0.07,0.1,10553000,2392000,2544000,-0.25793613190561926,-152000
2009-03-31,98507000,2000,2009-04-28,0.03,0.01,10745286,8197000,2375000,0.00018612813097762125,5822000
2009-06-30,102335000,3234000,2009-07-29,0.36,0.14,10842559,18590000,2703000,0.29826907098222843,15887000
2009-09-30,118922000,5052000,2009-10-27,0.52,0.35,10923627,7948000,4733000,0.4624837519626036,3215000
2009-12-31,131726000,7932000,2010-03-03,0.71,0.37,10865762,6868000,4023000,0.7299994238784173,2845000
2010-03-31,128320000,9419000,2010-04-27,0.73,0.32,10997738,-4769000,2042000,0.8564488442987094,-6811000
2010-06-30,135991000,9153000,2010-07-28,0.8,0.54,11176964,15064000,1426000,0.8189164785714618,13638000
2010-09-30,137669000,6340000,2010-10-26,0.84,0.55,11298454,9215000,2791000,0.5611387186246897,6424000
2010-12-31,142083000,6895000,2011-03-02,0.59,0.6,11241961,18037000,3095000,0.6133271588471086,14942000
2011-03-31,159865000,10600000,2011-04-26,0.91,0.68,11466635,-7099000,3475000,0.9244211575584294,-10574000
2011-06-30,167792000,9841000,2011-07-27,0.79,0.75,12218777,7266000,3166000,0.8053997548199792,4100000
2011-09-30,182313000,13358000,2011-10-25,0.81,0.77,12770378,4363000,2273000,1.0460144562674651,2090000
2011-12-31,173261000,9770000,2012-03-07,0.72,0.8,12318173,15136000,3203000,0.7931370991461153,11933000
2012-03-31,177638000,11946000,2012-04-30,0.91,0.68,12851892,6732000,3178000,0.9295129464206515,3554000
2012-06-30,176797000,10540000,2012-07-30,0.9,0.8,12931830,15209000,3245000,0.8150431918761691,11964000
2012-09-30,180923000,10486000,2012-10-30,0.85,0.84,12971309,19829000,2334000,0.8083995223612359,17495000
2012-12-31,172868000,14433000,2013-03-06,1.05,0.76,12930501,21123000,3978000,1.1161980498667452,17145000
2013-03-31,176193000,13619000,2013-04-29,0.96,0.84,13031900,11306000,2723000,1.0450509902623561,8583000
2013-06-30,184846000,16083000,2013-07-29,1.0,0.92,13062740,16189000,2479000,1.23121182845253,13710000
2013-09-30,184059000,12551000,2013-10-29,0.91,0.96,13084905,24457000,2128000,0.9591968760950118,22329000
2013-12-31,184297000,14086000,2014-02-27,0.98,0.89,13164486,21849000,4109000,1.069999998480761,17740000
2014-03-31,181674000,12730000,2014-04-29,0.95,0.94,13111152,-1797000,3057000,0.9709291754073174,-4854000
2014-06-30,191286000,15427000,2014-07-31,1.11,1.08,13139413,10051000,2464000,1.1741011565737374,7587000
2014-09-30,198867000,15696000,2014-10-28,1.19,1.03,13156341,29786000,2855000,1.1930368785667687,26931000
2014-12-31,194033000,12639000,2015-02-26,1.0,1.01,13148068,16650000,4676000,0.9612819160959618,11974000
2015-03-31,181330000,10378000,2015-04-29,0.94,0.95,13208657,8086000,2414000,0.785696835037809,5672000
2015-06-30,183726000,15038000,2015-07-30,1.15,1.06,13239675,19232000,1863000,1.135828485215838,17369000
2015-09-30,189224000,14371000,2015-10-28,1.19,1.12,13222452,23501000,1838000,1.0868634652634777,21663000
2015-12-31,183275000,11393000,2016-02-25,1.16,1.06,13247674,22613000,4918000,0.8600000271745818,17695000
2016-03-31,178077000,12946000,2016-04-27,0.98,0.98,13129394,10874000,2172000,0.9860318000967905,8702000
2016-06-30,186915000,15015000,2016-07-27,1.11,1.09,13144713,25152000,2205000,1.142284354173423,22947000
2016-09-30,190428000,16008000,2016-10-26,1.25,1.2,13173844,16951000,1934000,1.2151350813020103,15017000
2016-12-31,191245000,17434000,2017-02-28,1.26,1.19,13198611,20776000,3643000,1.3208965701012023,17133000
2017-03-31,194909000,6992000,2017-05-01,1.18,1.06,13221061,8322000,2531000,0.5288531684408687,5791000
2017-06-30,201183000,11906000,2017-07-27,1.24,1.23,13240279,12510000,2711000,0.8992257640492319,9799000
2017-09-30,212918000,11142000,2017-10-26,1.32,1.26,13251693,19969000,2790000,0.8407982285735113,17179000
2017-12-31,211072000,-9762000,2018-02-28,1.27,1.26,13267652,23961000,2840000,-0.7357744987583335,21121000
2018-03-31,212055000,12732000,2018-04-30,1.38,1.25,13278606,2746000,3449000,0.9588355886152508,-703000
2018-06-30,221962000,19246000,2018-07-30,1.56,1.43,13297388,16987000,2173000,1.4473519160304265,14814000
2018-09-30,222022000,19690000,2018-11-01,1.6,1.53,13315541,31163000,3193000,1.4787232452665648,27970000
2018-12-31,211481000,7805000,2019-02-28,1.51,1.42,13327464,27883000,4071000,0.585632795556604,23812000
2019-03-31,211210000,13844000,2019-05-02,1.41,1.4,13338490,20000,2537000,1.0378985927192659,-2517000
2019-06-30,205869000,15591000,2019-08-01,1.56,1.57,13352255,22389000,3007000,1.1676679332442348,19382000
2019-09-30,325130000,-13053000,2019-11-12,1.56,1.41,16185724,13067000,4568000,-0.8064514136037412,8499000
2019-12-31,391294000,15240000,2020-03-02,1.34,1.29,17684090,46935000,5433000,0.8617915878057621,41502000
2020-03-31,378561000,-28381000,2020-05-11,1.38,1.1,17672525,20219000,4892000,-1.6059391626267328,15327000
2020-06-30,286040000,-7735000,2020-08-05,0.21,0.12,17697496,24443000,2642000,-0.43706748118490885,21801000
2020-09-30,367224000,27304000,2020-11-05,1.56,0.94,17800865,67390000,4650000,1.5338580456623878,62740000
2020-12-31,385852000,48470000,2021-02-25,1.63,1.52,17817012,66341000,5717000,2.7204337068415287,60624000
2021-03-31,429783000,38615000,2021-05-06,2.11,1.46,17855977,-12618000,3934000,2.162581190600772,-16552000
2021-06-30,435262000,33570000,2021-08-03,1.82,1.41,17849521,3050000,3040000,1.8807227376017541,10000
2021-09-30,449072000,31058000,2021-11-04,1.63,1.56,17870392,12077000,5849000,1.7379585182015034,6228000
2021-12-31,447041000,18126000,2022-02-24,1.29,1.58,17867814,46424000,8634000,1.0144497810420459,37790000
2022-03-31,474171000,19816000,2022-05-05,1.42,1.41,17851859,-6299000,8847000,1.1100244517951885,-15146000
2022-06-30,492388000,14343000,2022-08-04,1.32,1.05,17841377,-2124000,6291000,0.8039177693515472,-8415000
2022-09-30,492218000,25867000,2022-11-03,1.74,1.47,17859871,-17870000,5092000,1.4483307298244203,-22962000
2022-12-31,484808000,-75957000,2023-02-23,1.39,1.27,17869452,68087000,8309000,-4.250661967697722,59778000
2023-03-31,500148000,29534000,2023-05-04,1.89,1.33,17898746,37782000,6161000,1.650059730441451,31621000
2023-06-30,495444000,29346000,2023-08-01,1.93,1.85,17921414,78270000,10879000,1.6374823995472678,67391000
2023-09-30,490612000,33670000,2023-11-02,2.05,1.9,17921274,83408000,8754000,1.8787726810047098,74654000
2023-12-31,467109000,20198000,2024-02-29,1.78,1.67,17921070,79560000,13006000,1.1270532395666106,66554000
2024-03-31,469759000,35227000,2024-05-02,2.09,1.99,17938862,27231000,4460000,1.9637254581700891,22771000
2024-06-30,463567000,34885000,2024-08-05,2.13,2.22,17940156,46303000,6664000,1.9445204378378873,39639000
2024-09-30,462274000,32346000,2024-10-31,1.89,2.08,17864000,67980000,11124000,1.8106806986117332,56856000
2024-12-31,444086000,14186000,2025-02-26,1.33,1.75,17766000,63064000,22457000,0.7984915006191602,40607000
2025-03-31,442914000,12922000,2025-05-08,1.58,1.5691,17766000,-3050000,7105000,0.727344365642238,-10155000
2025-06-30,483400000,-66580000,2025-07-31,1.71,1.86,17592971,41572000,1714000,-3.7844659665499365,39858000
2025-09-30,493842000,30469000,2025-10-29,2.08,2.13,17421090,51387000,2408000,1.7489720792441805,48979000
