fiscalDateEnding,totalRevenue,netIncome,reportedDate,reportedEPS,estimatedEPS,commonStockSharesOutstanding,operatingCashflow,capitalExpenditures,eps_computed_simple,freeCashFlow
2005-09-30,265594000,11990000,2005-11-08,0.11,0.15,106279765,92973000,24855000,0.11281545456936229,68118000
2005-12-31,258490000,5827000,2006-02-21,0.05,0.06,105009487,124946000,45236000,0.05549022442134204,79710000
2006-03-31,253333000,1449000,2006-05-09,0.01,0.03,105857006,34921000,113159000,0.013688276806166235,-78238000
2006-06-30,287577000,18281000,2006-08-08,0.18,0.18,104348078,121959000,594000,0.17519249372278808,121365000
2006-09-30,292038000,16748000,2006-11-08,0.16,0.17,102908772,107025000,59837000,0.16274608737921778,47188000
2006-12-31,287143000,7056000,2007-02-22,0.07,0.09,99222644,100612000,49760000,0.07111279961457186,50852000
2007-03-31,275185000,8748000,2007-05-10,0.09,,100064865,33352000,50064000,0.08742329288107269,-16712000
2007-06-30,315225000,18289000,2007-08-08,0.19,0.2,98487257,110149000,59941000,0.18569915090639594,50208000
2007-09-30,314253000,14434000,2007-11-08,0.15,0.14,97088195,102103000,63440000,0.1486689499171346,38663000
2007-12-31,304892000,4381000,2008-02-27,0.05,0.07,93429973,108865000,47089000,0.04689073387616199,61776000
2008-03-31,282776000,-1534000,2008-05-07,-0.02,-0.07,93682468,22359000,50245000,-0.01637446186836154,-27886000
2008-06-30,323819000,14253000,2008-08-06,0.15,0.15,92409086,108959000,57368000,0.15423808000871256,51591000
2008-09-30,312516000,3659000,2008-11-06,0.04,0.05,91526410,106406000,51633000,0.03997753216803762,54773000
2008-12-31,279308000,-6837000,2009-02-26,-0.08,-0.07,91579117,108796000,38824000,-0.07465675826509661,69972000
2009-03-31,247248000,-21333000,2009-05-07,-0.23,-0.29,91579117,19361000,10058000,-0.23294612023830716,9303000
2009-06-30,274736000,-11819000,2009-08-06,-0.13,-0.12,91686753,97050000,11413000,-0.12890629903755016,85637000
2009-09-30,271766000,-4781000,2009-11-05,-0.05,-0.16,91994981,75011000,7539000,-0.051970226506161246,67472000
2009-12-31,262315000,-19682000,2010-02-25,-0.22,-0.17,91983549,102321000,9805000,-0.21397304424511823,92516000
2010-03-31,244103000,-24827000,2010-05-06,-0.27,-0.3,92498159,7651000,8341000,-0.2684053419917255,-690000
2010-06-30,286366000,-8937000,2010-08-05,-0.1,-0.05,92714870,85519000,7347000,-0.09639230470797187,78172000
2010-09-30,286138000,690000,2010-11-04,0.01,0.01,92728863,97009000,12024000,0.007441048856600345,84985000
2010-12-31,275684000,-7119000,2011-02-23,-0.08,-0.07,92681351,132641000,15740000,-0.07681156913649219,116901000
2011-03-31,255202000,-13240000,2011-05-04,-0.14,-0.21,93157052,25826000,28813000,-0.14212557949987512,-2987000
2011-06-30,293345000,11335000,2011-08-04,0.12,0.08,93196805,84613000,25840000,0.12162434109195053,58773000
2011-09-30,296701000,3901000,2011-11-03,0.04,0.07,93076619,112266000,28529000,0.04191170717105657,83737000
2011-12-31,288239000,6280000,2012-02-22,0.07,0.01,93114125,96116000,23888000,0.06744411763521378,72228000
2012-03-31,266238000,-22816000,2012-05-03,0.07,-0.14,93114125,36702000,19747000,-0.2450326413957066,16955000
2012-06-30,304872000,13831000,2012-08-08,0.15,0.15,93543471,97321000,29795000,0.14785639074692877,67526000
2012-09-30,306286000,11405000,2012-11-07,0.12,0.14,93729512,119326000,28205000,0.12167992510192521,91121000
2012-12-31,305505000,7127000,2013-02-27,0.08,0.1,94075642,122560000,27823000,0.07575818616257755,94737000
2013-03-31,283479000,-6070000,2013-05-08,-0.07,-0.03,93974956,51721000,25788000,-0.06459167695699693,25933000
2013-06-30,324684000,23031000,2013-08-08,0.22,0.21,94813138,100233000,26933000,0.24290937401523405,73300000
2013-09-30,323184000,17003000,2013-11-06,0.19,0.19,94927069,142730000,24956000,0.17911645412753657,117774000
2013-12-31,320352000,10186000,2014-02-27,0.11,0.16,95091780,100021000,27973000,0.10711756578749498,72048000
2014-03-31,284933000,-4837000,2014-05-07,0.05,0.06,94906018,62584000,22398000,-0.050966209540052564,40186000
2014-06-30,330433000,15331000,2014-08-07,0.16,0.37,95590222,110848000,31857000,0.16038251276370089,78991000
2014-09-30,334998000,34959000,2014-11-05,0.37,0.37,95753522,129772000,29621000,0.3650936202639105,100151000
2014-12-31,336696000,207791000,2015-02-25,0.92,0.38,95522205,149325000,23697000,2.1753162000395614,125628000
2015-03-31,302477000,40625000,2015-05-06,0.42,0.28,95742148,54731000,29041000,0.4243167805259602,25690000
2015-06-30,344249000,59269000,2015-08-06,0.61,0.75,96482919,133486000,27324000,0.61429526194165,106162000
2015-09-30,350701000,85874000,2015-11-05,0.89,0.79,96602429,125253000,24399000,0.8889424509191172,100854000
2015-12-31,355969000,76437000,2016-02-23,0.79,0.81,96675737,164180000,29661000,0.7906533983806092,134519000
2016-03-31,338533000,51223000,2016-05-05,0.56,0.47,97378135,51537000,20619000,0.5260215755826501,30918000
2016-06-30,387528000,81818000,2016-08-09,0.84,0.83,97731467,159488000,30894000,0.8371715120166977,128594000
2016-09-30,387516000,84970000,2016-11-03,0.87,0.85,97881878,126801000,27312000,0.8680871447930331,99489000
2016-12-31,386717000,80433000,2017-02-22,0.81,0.83,97951462,183997000,28787000,0.8211516026172228,155210000
2017-03-31,346362000,41696000,2017-05-04,0.42,0.48,98149974,34496000,19236000,0.4248192668904833,15260000
2017-06-30,397078000,92303000,2017-08-08,0.94,0.88,98442860,160257000,28600000,0.9376302151319049,131657000
2017-09-30,399345000,96240000,2017-11-06,0.98,0.89,98490277,125885000,26610000,0.9771522929111064,99275000
2017-12-31,398475000,87072000,2018-02-27,0.88,0.84,98602599,186378000,34883000,0.8830598877013374,151495000
2018-03-31,361026000,14961000,2018-05-02,0.29,0.34,98726934,40772000,23252000,0.15153919395491405,17520000
2018-06-30,419800000,100340000,2018-08-08,1.02,0.96,98834588,175012000,29221000,1.0152316312584821,145791000
2018-09-30,418498000,93965000,2018-11-08,0.95,0.96,99253008,154305000,29701000,0.9467219371326258,124604000
2018-12-31,427898000,95601000,2019-02-20,0.96,0.91,99759674,194757000,35464000,0.9583130754817824,159293000
2019-03-31,384457000,51162000,2019-05-02,0.47,0.5,99915443,60726000,25951000,0.5120529766354537,34775000
2019-06-30,448742000,118305000,2019-08-07,1.16,1.13,100222082,176323000,34609000,1.1804284808212226,141714000
2019-09-30,457786000,99618000,2019-11-05,0.98,1.06,100522177,170921000,37120000,0.9910051987831501,133801000
2019-12-31,462659000,102753000,2020-02-20,1.02,1.1,100672782,222895000,43276000,1.020663161965664,179619000
2020-03-31,406569000,40493000,2020-05-07,0.54,0.36,100875388,62932000,25709000,0.40141605205027814,37223000
2020-06-30,347652000,31429000,2020-08-06,0.31,0.38,100861881,147745000,10565000,0.31160434138641535,137180000
2020-09-30,386110000,62758000,2020-11-05,0.62,0.51,100924981,150780000,8359000,0.6218282072304775,142421000
2020-12-31,428525000,108706000,2021-02-26,1.08,0.78,100812570,208416000,17639000,1.078298073345417,190777000
2021-03-31,370881000,38329000,2021-05-04,0.38,0.36,101138042,83318000,16332000,0.37897708164055616,66986000
2021-06-30,445052000,119609000,2021-08-05,1.18,0.86,101328939,201939000,25084000,1.1804031620226478,176855000
2021-09-30,476894000,106838000,2021-11-03,1.05,1.15,101401754,202977000,30097000,1.0536109661377258,172880000
2021-12-31,494574000,123314000,2022-02-07,1.21,1.18,101468468,246183000,54577000,1.2152937994491058,191606000
2022-03-31,451388000,92151000,2022-05-05,0.91,0.73,101540213,102038000,28759000,0.9075320730319918,73279000
2022-06-30,517852000,134205000,2022-08-03,1.32,1.27,101660120,210592000,47043000,1.3201341883129787,163549000
2022-09-30,527390000,146188000,2022-11-04,1.44,1.39,101685965,224475000,41006000,1.4376418613915893,183469000
2022-12-31,535510000,66103000,2023-02-24,0.65,1.29,101765520,244507000,50270000,0.6495618555282772,194237000
2023-03-31,471332000,76041000,2023-05-04,0.74,0.81,101963563,108712000,42285000,0.7457664067702303,66427000
2023-06-30,541137000,130620000,2023-08-03,1.28,1.4,102104429,198162000,50722000,1.2792784924148588,147440000
2023-09-30,542609000,140017000,2023-11-02,1.37,1.38,102130614,222547000,39145000,1.3709601315037625,183402000
2023-12-31,555909000,149085000,2024-02-23,1.46,1.35,102166907,254193000,46119000,1.4592298463141298,208074000
2024-03-31,498150000,78224000,2024-05-02,0.76,0.81,102447333,110562000,29482000,0.7635533079226181,81080000
2024-06-30,565251000,137366000,2024-08-08,1.34,1.37,102594217,256342000,22648000,1.3389253704231692,233694000
2024-09-30,564135000,147476000,2024-11-08,1.44,1.45,102617515,227393000,30140000,1.437142577463506,197253000
2024-12-31,579567000,-1199000,2025-02-21,-0.0182,1.4402,102641605,279313000,43014000,-0.011681422947351612,236299000
2025-03-31,505430000,138755000,2025-05-08,0.73,1.25,102797307,127745000,29887000,1.349792169166455,97858000
2025-06-30,579311000,154355000,2025-08-08,1.48,1.48,101653373,229487000,38201000,1.5184444494527496,191286000
2025-09-30,585541000,141753000,2025-11-06,1.3969,1.48,101309203,235657000,49850000,1.3992114813103407,185807000
