fiscalDateEnding,totalRevenue,netIncome,reportedDate,reportedEPS,estimatedEPS,commonStockSharesOutstanding,operatingCashflow,capitalExpenditures,eps_computed_simple,freeCashFlow
2024-03-31,19014000,10776000,2024-05-29,0.18,0.0,14500000,17215000,89000,0.7431724137931035,17126000
2024-06-30,25953000,-57653000,2024-08-07,-3.3086,0.21,17425000,16043000,369000,-3.3086370157819225,15674000
2024-09-30,28487000,2656000,2024-11-07,0.2328,2.36,73151603,7450000,303000,0.03630815855122136,7147000
2024-12-31,36499000,2454000,2025-03-05,0.25,0.73,74917426,26928000,224000,0.032756063989705146,26704000
2025-03-31,43951000,6464000,2025-05-08,0.2,0.36,76464778,15913000,69000,0.0845356537882056,15844000
2025-06-30,47533000,7277000,2025-08-05,0.24,0.39,76394121,37332000,1240000,0.09525602107523432,36092000
2025-09-30,50831000,8107000,2025-11-12,0.41,0.29,76518549,34912000,1187000,0.1059481668948009,33725000
