fiscalDateEnding,totalRevenue,netIncome,reportedDate,reportedEPS,estimatedEPS,commonStockSharesOutstanding,operatingCashflow,capitalExpenditures,eps_computed_simple,freeCashFlow
2005-09-30,852900000,94700000,2005-10-20,0.7,0.72,143484848,172100000,25700000,0.6600000022302006,146400000
2005-12-31,822300000,88900000,2006-02-16,0.67,0.65,133380282,161200000,22200000,0.6665153099616329,139000000
2006-03-31,878500000,101900000,2006-04-25,0.76,0.74,134078947,178600000,21100000,0.7600000020883219,157500000
2006-06-30,903700000,116400000,2006-07-25,0.87,0.83,133793103,128500000,21800000,0.8700000029149485,106700000
2006-09-30,909900000,109600000,2006-10-24,0.84,0.8,135308642,155000000,25500000,0.8099999998521897,129500000
2006-12-31,898600000,103700000,2007-02-15,0.85,0.72,124545455,170200000,48100000,0.83262773418749,122100000
2007-03-31,998700000,122500000,2007-04-26,0.98,0.93,125000000,185800000,40800000,0.98,145000000
2007-06-30,1043100000,128700000,2007-07-24,1.09,1.09,122571429,153100000,32600000,1.0499999963286712,120500000
2007-09-30,1020600000,111200000,2007-10-25,1.07,1.09,120869565,130400000,35700000,0.9200000016546762,94700000
2007-12-31,1005800000,114400000,2008-02-07,1.04,1.01,117052632,240400000,34200000,0.9773381259807981,206200000
2008-03-31,1103200000,130300000,2008-04-24,1.14,1.14,114400000,176500000,37900000,1.138986013986014,138600000
2008-06-30,1147800000,104200000,2008-07-24,1.24,1.24,113260870,194700000,41600000,0.9199999964683302,153100000
2008-09-30,1135100000,111900000,2008-10-23,1.1,1.12,112000000,194400000,41700000,0.9991071428571429,152700000
2008-12-31,1119100000,118100000,2009-02-12,1.1,1.09,109600000,215300000,36300000,1.0775547445255473,179000000
2009-03-31,1155700000,132800000,2009-04-23,1.22,1.17,108800000,208900000,30700000,1.2205882352941178,178200000
2009-06-30,1188800000,139400000,2009-07-23,1.3,1.27,109500000,182400000,23700000,1.2730593607305936,158700000
2009-09-30,1185100000,131400000,2009-10-22,1.22,1.15,108800000,246400000,22700000,1.2077205882352942,223700000
2009-12-31,1165100000,142700000,2010-02-11,1.16,1.15,108200000,224700000,37600000,1.3188539741219962,187100000
2010-03-31,1193600000,132700000,2010-04-21,1.3,1.31,106500000,232000000,24500000,1.2460093896713615,207500000
2010-06-30,1238400000,153700000,2010-07-22,1.46,1.42,105400000,216200000,34900000,1.4582542694497154,181300000
2010-09-30,1276500000,140000000,2010-10-21,1.47,1.4,104100000,176200000,34300000,1.344860710854947,141900000
2010-12-31,1295400000,131800000,2011-02-10,1.34,1.31,100200000,259200000,32800000,1.3153692614770458,226400000
2011-03-31,1368400000,127100000,2011-04-21,1.52,1.46,103200000,215300000,29400000,1.2315891472868217,185900000
2011-06-30,1403300000,122900000,2011-07-21,1.64,1.63,102800000,184900000,45800000,1.1955252918287937,139100000
2011-09-30,1404500000,134300000,2011-10-20,1.61,1.6,102200000,176800000,40400000,1.3140900195694716,136400000
2011-12-31,1366100000,135400000,2012-02-10,1.56,1.53,97100000,278600000,30100000,1.3944387229660145,248500000
2012-03-31,1423300000,161600000,2012-04-19,1.74,1.67,99100000,197100000,35200000,1.6306760847628659,161900000
2012-06-30,1423400000,153300000,2012-07-19,1.77,1.77,98000000,186300000,35100000,1.5642857142857143,151200000
2012-09-30,1419400000,148000000,2012-10-18,1.76,1.74,96800000,203800000,44200000,1.5289256198347108,159600000
2012-12-31,1405300000,120200000,2013-02-08,1.63,1.62,95300000,254200000,61800000,1.261280167890871,192400000
2013-03-31,1440900000,147200000,2013-04-19,1.74,1.76,94500000,198200000,41700000,1.5576719576719578,156500000
2013-06-30,1468200000,151900000,2013-07-19,1.8,1.8,93700000,137600000,48800000,1.6211312700106724,88800000
2013-09-30,1462200000,148300000,2013-10-18,1.8,1.8,90900000,234200000,52100000,1.6314631463146314,182100000
2013-12-31,1437000000,126300000,2014-02-07,1.61,1.66,88300000,248700000,59600000,1.4303510758776896,189100000
2014-03-31,1430700000,113100000,2014-04-28,1.51,1.58,86600000,142300000,56500000,1.3060046189376444,85800000
2014-06-30,1516400000,141300000,2014-07-18,1.78,1.77,86300000,207400000,48100000,1.6373117033603708,159300000
2014-09-30,1551800000,137200000,2014-10-28,1.8,1.75,86500000,175600000,52600000,1.586127167630058,123000000
2014-12-31,1512700000,119600000,2015-02-20,1.65,1.63,86300000,213700000,46300000,1.3858632676709155,167400000
2015-03-31,1793200000,700000,2015-04-27,1.73,1.63,93800000,-86900000,33800000,0.007462686567164179,-120700000
2015-06-30,2269100000,168400000,2015-07-28,2.09,2.03,102500000,396700000,69100000,1.6429268292682926,327600000
2015-09-30,2317300000,152800000,2015-10-26,2.07,2.06,102900000,288000000,67800000,1.4849368318756073,220200000
2015-12-31,2300500000,114200000,2016-02-18,1.98,1.99,103200000,384600000,85100000,1.1065891472868217,299500000
2016-03-31,2368000000,160200000,2016-04-25,2.02,1.96,103600000,123000000,71400000,1.5463320463320462,51600000
2016-06-30,2430700000,198200000,2016-07-27,2.31,2.3,103900000,343600000,67000000,1.9076034648700673,276600000
2016-09-30,2414700000,179500000,2016-10-26,2.25,2.29,104900000,249900000,66200000,1.7111534795042898,183700000
2016-12-31,2428400000,184400000,2017-02-16,2.15,2.13,105100000,448900000,74300000,1.7545195052331113,374600000
2017-03-31,2447000000,192200000,2017-04-25,2.22,2.2,104300000,233800000,73400000,1.8427612655800576,160400000
2017-06-30,2542900000,188600000,2017-07-26,2.47,2.4,103700000,310700000,70400000,1.8187078109932497,240300000
2017-09-30,2655200000,180600000,2017-10-25,2.46,2.39,103700000,350900000,75300000,1.7415621986499519,275600000
2017-12-31,2796300000,706800000,2018-02-06,2.45,2.38,103700000,564000000,96300000,6.815814850530376,467700000
2018-03-31,2848300000,173200000,2018-04-25,2.78,2.63,103400000,154700000,72500000,1.6750483558994198,82200000
2018-06-30,2866300000,233800000,2018-07-25,2.98,2.93,103000000,367200000,87200000,2.269902912621359,280000000
2018-09-30,2831300000,390800000,2018-10-24,2.84,2.88,102700000,251900000,97900000,3.8052580331061345,154000000
2018-12-31,2787500000,157900000,2019-02-07,2.52,2.49,101200000,486400000,122200000,1.5602766798418972,364200000
2019-03-31,2791200000,185600000,2019-04-30,2.62,2.53,99500000,165800000,94200000,1.8653266331658291,71600000
2019-06-30,2881700000,190400000,2019-07-25,2.93,2.92,98800000,253500000,85200000,1.9271255060728745,168300000
2019-09-30,2928500000,220700000,2019-10-24,2.9,2.85,98300000,455600000,92600000,2.245167853509664,363000000
2019-12-31,2953400000,227100000,2020-02-13,2.86,2.8,98000000,569800000,128200000,2.3173469387755103,441600000
2020-03-31,2823800000,-317200000,2020-04-29,2.37,1.95,97200000,203800000,106600000,-3.263374485596708,97200000
2020-06-30,2768800000,231600000,2020-07-28,2.57,1.0,97700000,370700000,98500000,2.3705220061412486,272200000
2020-09-30,3896100000,703400000,2020-10-27,8.41,5.31,98100000,786200000,77200000,7.170234454638124,709000000
2020-12-31,4489800000,938300000,2021-02-11,10.56,8.11,98300000,774600000,99400000,9.54526958290946,675200000
2021-03-31,4161500000,769600000,2021-04-29,8.79,7.43,98500000,1157600000,95400000,7.813197969543147,1062200000
2021-06-30,3840700000,467400000,2021-07-29,6.13,5.53,98200000,487200000,97200000,4.759674134419552,390000000
2021-09-30,4062600000,587300000,2021-10-28,6.82,4.92,97100000,767300000,117800000,6.048403707518022,649500000
2021-12-31,4056100000,553000000,2022-02-10,6.77,5.8,96200000,697500000,150000000,5.748440748440748,547500000
2022-03-31,3899600000,491600000,2022-04-28,6.11,5.98,94000000,356000000,117200000,5.229787234042553,238800000
2022-06-30,2923000000,358600000,2022-07-28,4.95,4.7,92700000,572500000,143300000,3.8683926645091695,429200000
2022-09-30,2866800000,352800000,2022-10-27,4.68,4.67,90700000,373800000,103500000,3.8897464167585447,270300000
2022-12-31,3674200000,76100000,2023-02-16,4.14,4.1,89000000,653600000,117900000,0.8550561797752809,535700000
2023-03-31,3037800000,212900000,2023-04-25,3.82,3.96,89000000,121200000,93900000,2.392134831460674,27300000
2023-06-30,3033700000,188900000,2023-07-27,3.8,3.53,89000000,351400000,102600000,2.1224719101123597,248800000
2023-09-30,3056800000,183300000,2023-10-26,3.38,3.33,87000000,275500000,104900000,2.106896551724138,170600000
2023-12-31,3033300000,-167100000,2024-02-15,3.3,3.26,84900000,579600000,167200000,-1.9681978798586572,412400000
2024-03-31,3176600000,228000000,2024-04-25,3.68,3.48,84700000,-29800000,133800000,2.69185360094451,-163600000
2024-06-30,3220900000,205300000,2024-07-25,3.94,3.8,84300000,561100000,128200000,2.435349940688019,432900000
2024-09-30,3282000000,169300000,2024-10-24,3.5,3.49,84400000,277300000,115800000,2.005924170616114,161500000
2024-12-31,3329400000,143400000,2025-02-06,3.45,3.39,84200000,777200000,112100000,1.7030878859857481,665100000
2025-03-31,3345100000,212800000,2025-04-29,3.84,3.73,84300000,18500000,126000000,2.524317912218268,-107500000
2025-06-30,3527300000,237900000,2025-07-24,4.35,4.16,84100000,620600000,77900000,2.8287752675386444,542700000
2025-09-30,3563500000,261100000,2025-10-23,4.18,4.11,83700000,387200000,106700000,3.1194743130227,280500000
