fiscalDateEnding,totalRevenue,netIncome,reportedDate,reportedEPS,estimatedEPS,commonStockSharesOutstanding,operatingCashflow,capitalExpenditures,eps_computed_simple,freeCashFlow
2005-09-30,133640000,6603000,2005-10-27,0.04,0.03,190712000,14801000,4640000,0.03462288686605982,10161000
2005-12-31,143922000,8256000,2006-03-02,0.04,0.03,208248000,2282000,15107000,0.03964503860781376,-12825000
2006-03-31,192139000,12084000,2006-04-27,0.06,0.05,221868000,4094000,8577000,0.05446481691816756,-4483000
2006-06-30,195037000,11662000,2006-07-27,0.05,0.05,222824000,8967000,7927000,0.05233727067102287,1040000
2006-09-30,197659000,10458000,2006-10-26,0.05,0.04,223640000,17763000,7890000,0.0467626542657843,9873000
2006-12-31,204546000,10190000,2007-02-27,0.05,0.05,213264000,21557000,11758000,0.04778115387500938,9799000
2007-03-31,235318000,15794000,2007-04-26,0.07,0.07,224008000,10430000,9080000,0.07050641048533982,1350000
2007-06-30,233278000,14016000,2007-07-26,0.06,0.06,224988000,3009000,9026000,0.06229665582164382,-6017000
2007-09-30,243495000,14559000,2007-10-25,0.06,0.06,230224000,18068000,7572000,0.06323841128639933,10496000
2007-12-31,414734000,21532000,2008-02-27,0.08,0.06,269116000,22862000,12723000,0.0800101071656832,10139000
2008-03-31,491908000,30878000,2008-05-01,0.11,0.1,279364000,32352000,13196000,0.11052963159175842,19156000
2008-06-30,484392000,30989000,2008-07-31,0.11,0.09,280602000,35021000,13208000,0.11043755924761763,21813000
2008-09-30,481614000,25068000,2008-10-30,0.09,0.09,282380000,37941000,15808000,0.08877399249238614,22133000
2008-12-31,470300000,12964000,2009-02-26,0.05,0.07,279586000,27647000,24696000,0.04636855922685685,2951000
2009-03-31,510870000,32304000,2009-04-30,0.12,0.11,285578000,39525000,6918000,0.1131179572656157,32607000
2009-06-30,486355000,28857000,2009-07-30,0.1,0.1,287000000,47514000,11666000,0.10054703832752614,35848000
2009-09-30,494812000,29155000,2009-10-29,0.11,0.1,288094000,48425000,10409000,0.10119960846112727,38016000
2009-12-31,555905000,37205000,2010-02-25,0.13,0.11,284388000,28538000,26877000,0.13082478866900152,1661000
2010-03-31,603516000,53936000,2010-04-29,0.18,0.14,290248000,88065000,10902000,0.18582729252225683,77163000
2010-06-30,584681000,37906000,2010-07-29,0.14,0.13,290992000,13126000,9945000,0.1302647495463793,3181000
2010-09-30,607621000,35901000,2010-10-28,0.13,0.12,291596000,43372000,16135000,0.12311897282541599,27237000
2010-12-31,674063000,41328000,2011-02-24,0.14,0.14,291222000,14620000,24456000,0.14191235552259102,-9836000
2011-03-31,786648000,58182000,2011-04-28,0.21,0.18,295840000,77315000,18093000,0.19666711736073553,59222000
2011-06-30,759684000,46706000,2011-07-28,0.17,0.17,296262000,23765000,24447000,0.15765099810303043,-682000
2011-09-30,783898000,49231000,2011-10-27,0.17,0.16,296804000,58102000,18754000,0.16587040605921752,39348000
2011-12-31,939632000,56145000,2012-02-23,0.2,0.19,294278000,52590000,25122000,0.19078898184709697,27468000
2012-03-31,1031777000,80991000,2012-04-26,0.25,0.23,299342000,110155000,21329000,0.2705634358025269,88826000
2012-06-30,1006531000,63998000,2012-07-26,0.22,0.21,300152000,10857000,20286000,0.21321863589114848,-9429000
2012-09-30,1016707000,54048000,2012-10-25,0.18,0.2,301172000,61060000,19021000,0.17945891384325235,42039000
2012-12-31,1067915000,62188000,2013-02-28,0.21,0.23,302075000,24118000,27619000,0.20586940329388398,-3501000
2013-03-31,1195997000,84592000,2013-04-25,0.28,0.29,302937000,106433000,21461000,0.27923957786602494,84972000
2013-06-30,1251748000,75722000,2013-08-01,0.26,0.25,303657000,103057000,18690000,0.24936688434648305,84367000
2013-09-30,1298094000,73445000,2013-10-31,0.24,0.25,304685000,131439000,20975000,0.24105223427474276,110464000
2013-12-31,1316689000,77864000,2014-02-27,0.26,0.28,305199000,87127000,29060000,0.2551253444473933,58067000
2014-03-31,1625777000,104653000,2014-04-29,0.35,0.34,305514000,97009000,33716000,0.3425473137073915,63293000
2014-06-30,1709132000,104882000,2014-07-31,0.34,0.33,305837000,55195000,33615000,0.3429343081445345,21580000
2014-09-30,1721024000,91515000,2014-10-30,0.31,0.32,306206000,170438000,32860000,0.2988674291163465,137578000
2014-12-31,1684131000,80469000,2015-02-26,0.27,0.32,306601000,48255000,40759000,0.2624551126708654,7496000
2015-03-31,1773912000,107095000,2015-04-30,0.36,0.32,306961000,180145000,26096000,0.34888796948146505,154049000
2015-06-30,1838070000,119722000,2015-07-30,0.39,0.36,307247000,102554000,40667000,0.3896604360660967,61887000
2015-09-30,1831732000,101346000,2015-10-29,0.34,0.33,307728000,208624000,32810000,0.3293362969895492,175814000
2015-12-31,1748919000,95060000,2016-02-25,0.32,0.31,308028000,38514000,70917000,0.3086083083356059,-32403000
2016-03-31,1921476000,112171000,2016-04-28,0.42,0.42,308369000,119367000,50393000,0.3637557601445022,68974000
2016-06-30,2304806000,142785000,2016-07-28,0.55,0.49,308898000,235863000,51926000,0.462239962706136,183937000
2016-09-30,2207343000,122688000,2016-10-27,0.45,0.45,310036000,168921000,50427000,0.395721787147299,118494000
2016-12-31,1825032000,86331000,2017-02-23,0.39,0.4,310120000,110863000,54328000,0.2783793370308268,56535000
2017-03-31,2342843000,136278000,2017-04-27,0.49,0.46,310300000,172293000,44398000,0.43918143731872383,127895000
2017-06-30,2458411000,150914000,2017-07-27,0.53,0.52,310396000,189804000,47147000,0.4861982757509762,142657000
2017-09-30,2465800000,122381000,2017-10-26,0.45,0.42,310779000,87146000,43992000,0.3937878685496768,43154000
2017-12-31,2469855000,124171000,2018-02-22,0.41,0.42,311106000,69657000,43553000,0.3991276285253258,26104000
2018-03-31,2720764000,152960000,2018-04-26,0.55,0.59,311347000,145163000,62189000,0.49128464382184506,82974000
2018-06-30,3030751000,157007000,2018-07-26,0.61,0.58,314012000,183506000,53232000,0.5000031845916717,130274000
2018-09-30,3122378000,134102000,2018-10-25,0.56,0.56,319402000,192498000,56342000,0.41985335094958703,136156000
2018-12-31,3002781000,36049000,2019-02-28,0.48,0.49,315046000,189572000,78264000,0.11442456022295157,111308000
2019-03-31,3100303000,98048000,2019-04-25,0.56,0.56,316018000,177225000,53016000,0.3102608079286623,124209000
2019-06-30,3248173000,150561000,2019-07-25,0.65,0.65,312719000,461179000,48252000,0.4814577943777001,412927000
2019-09-30,3147773000,152263000,2019-10-31,0.61,0.58,307960000,326767000,64283000,0.49442460059748017,262484000
2019-12-31,3009860000,140388000,2020-02-20,0.54,0.52,307303000,98862000,100179000,0.4568390155644429,-1317000
2020-03-31,3000935000,145136000,2020-04-30,0.57,0.49,306757000,194563000,44538000,0.473130197517905,150025000
2020-06-30,2626323000,118792000,2020-07-30,0.53,0.16,304190000,718489000,32763000,0.39051908346756964,685726000
2020-09-30,3047684000,193483000,2020-10-29,0.75,0.53,304566000,221589000,32648000,0.635274456111319,188941000
2020-12-31,2953888000,181012000,2021-02-18,0.69,0.59,304514000,309229000,62746000,0.5944291559665565,246483000
2021-03-31,3171000000,266000000,2021-04-29,0.94,0.63,303765000,522512000,41779000,0.8756769213042978,480733000
2021-06-30,3435000000,305000000,2021-07-29,1.13,0.75,301467000,410578000,46075000,1.011719359001151,364503000
2021-09-30,3297000000,284000000,2021-10-28,1.02,0.86,294885000,428938000,44851000,0.9630873052206792,384087000
2021-12-31,3185993000,236281000,2022-02-17,0.87,0.77,290950000,5019000,160761000,0.8121017356934181,-155742000
2022-03-31,3348000000,273000000,2022-04-28,1.0,0.92,286800000,409000000,59000000,0.9518828451882845,350000000
2022-06-30,3341000000,420000000,2022-07-28,1.09,1.02,282300000,328000000,40000000,1.487778958554729,288000000
2022-09-30,3104000000,262000000,2022-10-27,0.97,0.96,274600000,273000000,49000000,0.9541150764748726,224000000
2022-12-31,3001000000,194000000,2023-02-23,0.78,0.86,268700000,240000000,74000000,0.7219947897283215,166000000
2023-03-31,3349000000,270000000,2023-04-27,1.04,0.95,268300000,223000000,70000000,1.0063361908311592,153000000
2023-06-30,3448000000,281000000,2023-07-27,1.09,1.09,268200000,480000000,66000000,1.0477255779269201,414000000
2023-09-30,3568000000,208000000,2023-10-26,0.86,0.96,268399999,441000000,97000000,0.7749627450631995,344000000
2023-12-31,3501000000,177000000,2024-02-22,0.84,0.76,268100000,212000000,125000000,0.660201417381574,87000000
2024-03-31,3703000000,158000000,2024-04-23,0.82,0.95,267700000,253000000,66000000,0.5902129249159507,187000000
2024-06-30,3711000000,185000000,2024-07-25,0.98,1.03,265600000,213000000,80000000,0.6965361445783133,133000000
2024-09-30,3584000000,191000000,2024-10-24,0.88,0.89,262600000,420000000,79000000,0.7273419649657273,341000000
2024-12-31,3357000000,156000000,2025-02-20,0.8,0.7424,259900000,235000000,86000000,0.6002308580223162,149000000
2025-03-31,3463000000,169000000,2025-04-21,0.79,0.8557,259600000,-3000000,54000000,0.6510015408320493,-57000000
2025-06-30,3642000000,192000000,2025-07-23,0.87,0.9229,258900000,296000000,53000000,0.7415990730011588,243000000
2025-09-30,3499000000,180000000,2025-10-30,0.84,0.76,257300000,440000000,53000000,0.6995724834823164,387000000
