fiscalDateEnding,totalRevenue,netIncome,reportedDate,reportedEPS,estimatedEPS,commonStockSharesOutstanding,operatingCashflow,capitalExpenditures,eps_computed_simple,freeCashFlow
2005-09-30,3601100000,794400000,2005-10-20,0.73,0.71,1088219178,-379600000,258600000,0.730000000055136,-638200000
2005-12-31,3879100000,700600000,2006-01-26,0.8,0.78,1088928922,814300000,419600000,0.643384509168175,394700000
2006-03-31,3714700000,834800000,2006-04-20,0.77,0.75,1084155844,254500000,160700000,0.7700000001106851,93800000
2006-06-30,3866900000,822000000,2006-07-21,0.76,0.75,1081578947,687700000,231400000,0.7600000002588808,456300000
2006-09-30,3864100000,873600000,2006-10-19,0.8,0.79,1092000000,1176000000,275700000,0.8,900300000
2006-12-31,4245300000,132300000,2007-01-31,0.85,0.82,1084578213,1857700000,410000000,0.12198290396600471,1447700000
2007-03-31,4226100000,508700000,2007-04-16,0.84,0.79,1082340426,891800000,239400000,0.4699999997967368,652400000
2007-06-30,4631000000,663600000,2007-07-24,0.9,0.82,1087868852,588500000,246200000,0.610000000257384,342300000
2007-09-30,4586800000,926300000,2007-10-18,0.91,0.87,1089764706,1444500000,230100000,0.849999999908237,1214400000
2007-12-31,5189600000,854400000,2008-01-29,0.9,0.89,1090257353,2229700000,366700000,0.7836681840750677,1863000000
2008-03-31,4807600000,1064300000,2008-04-21,0.92,0.96,1094100000,1702600000,184200000,0.9727630015537885,1518400000
2008-06-30,5150400000,958800000,2008-07-24,0.99,1.0,1093800000,1080900000,266400000,0.8765770707624795,814500000
2008-09-30,5209500000,-465600000,2008-10-23,1.04,1.02,1094000000,2131600000,220900000,-0.42559414990859235,1910700000
2008-12-31,5210500000,-3629400000,2009-01-29,1.07,1.05,1094499000,2380500000,275700000,-3.316037748778208,2104800000
2009-03-31,5047000000,1313100000,2009-04-20,1.2,0.99,1097300000,87900000,157000000,1.1966645402351226,-69100000
2009-06-30,5292800000,1158500000,2009-07-22,1.12,1.02,1097213000,923300000,176900000,1.055856975810531,746400000
2009-09-30,5562000000,941800000,2009-10-21,1.2,1.02,1097700000,1305700000,174300000,0.8579757675138927,1131400000
2009-12-31,5934200000,915400000,2010-01-28,0.91,0.92,1098033500,2018600000,346800000,0.8336721967043811,1671800000
2010-03-31,5485500000,1248100000,2010-04-19,1.18,1.1,1103400000,958000000,175100000,1.1311401123799165,782900000
2010-06-30,5748700000,1348900000,2010-07-22,1.24,1.1,1099200000,1911600000,554200000,1.227165211062591,1357400000
2010-09-30,5654800000,1302900000,2010-10-21,1.21,1.15,1099000000,1759100000,183100000,1.1855323020928117,1576000000
2010-12-31,6187000000,1169600000,2011-01-27,1.11,1.1,1108919500,2228100000,274300000,1.0547203832198822,1953800000
2011-03-31,5839200000,1055900000,2011-04-18,1.24,1.17,1112026000,1176100000,519000000,0.9495281585142793,657100000
2011-06-30,6252800000,1197300000,2011-07-21,1.18,1.18,1113957000,2040300000,542200000,1.0748170710359557,1498100000
2011-09-30,6147900000,1236300000,2011-10-20,1.13,1.13,1113841000,2073400000,348600000,1.1099429810897605,1724800000
2011-12-31,6046600000,858200000,2012-01-31,0.87,0.81,1115883000,1944700000,283100000,0.7690770448156303,1661600000
2012-03-31,5602000000,1011100000,2012-04-25,0.92,0.78,1116983000,852500000,130700000,0.905206256496294,721800000
2012-06-30,5600700000,923600000,2012-07-25,0.83,0.77,1118707000,1306000000,179500000,0.8255959782141347,1126500000
2012-09-30,5443300000,1326600000,2012-10-24,0.79,0.83,1119641000,1544300000,216100000,1.1848440705547583,1328200000
2012-12-31,5957400000,827300000,2013-01-29,0.85,0.78,1146493000,1602000000,450000000,0.7215918457417533,1152000000
2013-03-31,5602000000,1548000000,2013-04-24,1.14,1.05,1126561000,379400000,157900000,1.3740933691118369,221500000
2013-06-30,5929700000,1206200000,2013-07-24,1.16,1.0,1126638000,1637200000,136400000,1.0706189565770017,1500800000
2013-09-30,5772600000,1203100000,2013-10-23,1.11,1.04,1126650000,1991600000,253800000,1.0678560333732747,1737800000
2013-12-31,5808800000,727500000,2014-01-30,0.74,0.74,1116795000,1726800000,545200000,0.6514176728943092,1181600000
2014-03-31,4683100000,727900000,2014-04-24,0.7,0.7,1119451042,272300000,202000000,0.6502294184295377,70300000
2014-06-30,4935600000,733500000,2014-07-24,0.68,0.65,1117308330,1053900000,254900000,0.6564884377081481,799000000
2014-09-30,4875600000,500600000,2014-10-23,0.66,0.67,1113429817,1691300000,341900000,0.4496017551863352,1349400000
2014-12-31,5121300000,428500000,2015-01-30,0.75,0.73,1110627000,1349600000,458900000,0.3858181009465824,890700000
2015-03-31,4644700000,529500000,2015-04-23,0.87,0.77,1109741140,-84800000,388600000,0.4771382991172157,-473400000
2015-06-30,4978700000,600800000,2015-07-23,0.9,0.74,1108540541,948600000,359900000,0.5419738636333734,588700000
2015-09-30,4959700000,799700000,2015-10-22,0.89,0.76,1108076549,1104700000,323500000,0.7217010419737707,781200000
2015-12-31,5375600000,478400000,2016-01-28,0.78,0.78,1105267000,804300000,554200000,0.4328365906156612,250100000
2016-03-31,4865100000,440100000,2016-04-26,0.83,0.85,1103837000,-219100000,154300000,0.3987001704055943,-373400000
2016-06-30,5404800000,747700000,2016-07-26,0.86,0.86,1103843444,1401900000,245400000,0.6773605478785631,1156500000
2016-09-30,5191700000,778000000,2016-10-25,0.88,0.96,1103948230,1661700000,227500000,0.704743192531773,1434200000
2016-12-31,5760500000,771800000,2017-01-31,0.95,0.98,1100875000,2116900000,464800000,0.7010786874077438,1652100000
2017-03-31,5228300000,-110800000,2017-04-25,0.98,0.96,1103388743,339900000,169000000,-0.1004179177129778,170900000
2017-06-30,5824300000,1008000000,2017-07-25,1.11,1.05,1100989000,1651100000,221600000,0.9155404822391504,1429500000
2017-09-30,5658000000,555600000,2017-10-24,1.05,1.03,1101094711,1881100000,447700000,0.5045887464988468,1433400000
2017-12-31,6160700000,-1656900000,2018-01-31,1.14,1.07,1052023000,1743500000,493500000,-1.5749655663421807,1250000000
2018-03-31,4963800000,1217400000,2018-04-24,1.34,1.13,1049800000,436500000,236500000,1.159649457039436,200000000
2018-06-30,5585000000,-259900000,2018-07-24,1.5,1.3,1030210000,1517500000,1858200000,-0.25227866163209445,-340700000
2018-09-30,5306900000,1149500000,2018-11-06,1.39,1.35,1026300000,2121800000,299800000,1.120042872454448,1822000000
2018-12-31,6438600000,1125000000,2019-02-06,1.33,1.34,1057035000,1448700000,623700000,1.0642977763271793,825000000
2019-03-31,5092200000,4241600000,2019-04-30,1.33,1.31,984001000,311300000,400600000,4.3105647250358485,-89300000
2019-06-30,5636700000,1327200000,2019-07-30,1.5,1.45,965957000,1051500000,285300000,1.373974203820667,766200000
2019-09-30,5476600000,1253900000,2019-10-23,1.48,1.41,960046000,1510100000,341100000,1.3060832501775956,1169000000
2019-12-31,6114000000,1495700000,2020-01-30,1.73,1.52,957526000,1963700000,326500000,1.5620463569657639,1637200000
2020-03-31,5859800000,1456500000,2020-04-23,1.75,1.48,956929000,382400000,258300000,1.5220564953094744,124100000
2020-06-30,5499400000,1412000000,2020-07-30,1.89,1.56,956466000,2495400000,523200000,1.4762678443352926,1972200000
2020-09-30,5740600000,1208400000,2020-10-27,1.54,1.71,956491000,1806600000,415100000,1.2633678727766389,1391500000
2020-12-31,7440000000,2116800000,2021-01-29,2.75,2.35,956590000,1815200000,819500000,2.2128602640629738,995700000
2021-03-31,6805600000,1355300000,2021-04-27,1.87,2.13,959482000,1697400000,492100000,1.412533012604718,1205300000
2021-06-30,6740100000,1390200000,2021-08-03,1.87,1.89,910400000,1775500000,531300000,1.5270210896309315,1244200000
2021-09-30,6772800000,1110100000,2021-10-26,1.94,1.98,956589000,1631300000,455600000,1.1604774882420767,1175700000
2021-12-31,7999900000,1726100000,2022-02-03,2.49,2.46,953653000,2156500000,394200000,1.8099874902087028,1762300000
2022-03-31,7810000000,1902900000,2022-04-28,2.77,2.32,950605000,2523000000,881000000,2.0017778151808585,1642000000
2022-06-30,6488000000,952500000,2022-08-04,1.25,1.69,902900000,1183300000,813600000,1.054934101229372,369700000
2022-09-30,6941600000,1451700000,2022-11-01,1.98,1.92,903800000,2216700000,652100000,1.6062181898650143,1564600000
2022-12-31,7301800000,1937700000,2023-02-02,2.09,1.78,950182000,1579700000,555600000,2.0392935248194557,1024100000
2023-03-31,6960000000,1344900000,2023-04-27,1.62,1.73,949267000,1730600000,903500000,1.4167773661151184,827100000
2023-06-30,8312100000,1763200000,2023-08-08,2.11,1.98,949286000,631900000,836300000,1.8573959797152808,-204400000
2023-09-30,9498600000,-57400000,2023-11-02,0.1,-0.13,949303000,2189500000,4001200000,-0.06046541515195886,-1811700000
2023-12-31,9353400000,2189700000,2024-02-06,2.49,2.22,903980000,-311900000,1651100000,2.422288103719109,-1963000000
2024-03-31,8768000000,2242900000,2024-04-30,2.58,2.46,903800000,1166000000,986300000,2.4816331046691746,179700000
2024-06-30,11302800000,2967000000,2024-08-08,3.92,2.6,904200000,1466200000,1402800000,3.281353682813537,63400000
2024-09-30,11439100000,970300000,2024-10-30,1.18,1.47,905000000,3711900000,4170800000,1.0721546961325967,-458900000
2024-12-31,13532800000,4409800000,2025-02-06,5.32,5.0668,903158000,2473800000,1747200000,4.88264511857283,726600000
2025-03-31,12728500000,2759300000,2025-05-01,3.34,3.54,900604000,1665600000,3266500000,3.063832716710119,-1600900000
2025-06-30,15557700000,5660500000,2025-08-07,6.31,5.59,899793000,3086900000,1803900000,6.290891349454819,1283000000
2025-09-30,17600800000,5582500000,2025-10-30,7.02,6.37,898800000,8835900000,223900000,6.211059190031152,8612000000
