fiscalDateEnding,totalRevenue,netIncome,reportedDate,reportedEPS,estimatedEPS,commonStockSharesOutstanding,operatingCashflow,capitalExpenditures,eps_computed_simple,freeCashFlow
2023-09-30,0,-19000000,2023-11-03,0.58,0.98,91683000,,0,-0.2072358016208021,
2023-12-31,0,-123000000,2024-02-28,0.5,-0.51,91762000,-10000000.0,0,-1.3404241407118416,-10000000.0
2024-03-31,0,-73000000,2024-05-08,-0.796,-0.01,92000000,-9000000.0,0,-0.7934782608695652,-9000000.0
2024-06-30,0,134000000,2024-08-08,1.4609,1.03,92000000,2000000.0,2000000,1.4565217391304348,0.0
2024-09-30,0,15000000,2024-11-27,0.1635,1.22,91736000,-4000000.0,0,0.16351268858463416,-4000000.0
2024-12-31,23156000000,-107000000,2025-02-26,0.88,-0.42,91736000,-3000000.0,0,-1.1663905119037237,-3000000.0
2025-03-31,447000000,-17000000,2025-05-07,-0.1851,0.04,91843000,140000000.0,27000000,-0.1850984832812517,113000000.0
2025-06-30,1341000000,-178000000,2025-08-08,-2.12,0.0,91845284,-6000000.0,0,-1.9380418051731432,-6000000.0
2025-09-30,1085000000,33000000,2025-12-03,-0.57,1.17,91845284,697360000.0,36400000,0.3592998852287288,660960000.0
