fiscalDateEnding,totalRevenue,netIncome,reportedDate,reportedEPS,estimatedEPS,commonStockSharesOutstanding,operatingCashflow,capitalExpenditures,eps_computed_simple,freeCashFlow
2005-12-31,2962697000000,359715000000.0,2006-01-12,0.5,0.42,666000000,889258000000.0,1382188000000.0,540.1126126126126,-492930000000.0
2006-03-31,2475680944000,61284047000.0,2006-04-11,0.09,-0.1,716000000,260844000000.0,840316000000.0,85.59224441340783,-579472000000.0
2006-06-30,2319088328000,-301994303000.0,2006-07-11,-0.44,-0.55,678000000,111425707040.0,1003938518040.0,-445.4193259587021,-892512811000.0
2006-09-30,2738484534000,-303653181000.0,2006-10-10,-0.45,-0.41,714000000,312585005800.0,871806396320.0,-425.2845672268908,-559221390520.0
2006-12-31,2668637243525,-119832980231.13,2007-01-15,-0.36,-0.38,698000000,1095053912997.2,225820563443.73,-171.680487437149,869233349553.47
2007-03-31,2593084438000,-161199355000.0,2007-04-17,-0.25,-0.41,716000000,311580315409.0,148133739636.54,-225.13876396648044,163446575772.46
2007-06-30,3280667315000,256489072000.0,2007-07-10,0.39,-0.04,716000000,389549354836.0,836522207220.02,358.22496089385476,-446972852384.02
2007-09-30,3936412506000,499225655000.0,2007-10-09,0.77,0.45,715631400,952327561553.0,336287847143.44,697.6016633702769,616039714409.56
2009-03-31,3426949000000,-433567000000.0,2009-04-16,-0.2516,-0.55,715631400,1142513000000.0,1001519000000.0,-605.8523983156692,140994000000.0
2009-06-30,4808002000000,425246000000.0,2009-07-16,0.31,0.07,782421344,34806000000.0,753684000000.0,543.4999994069691,-718878000000.0
2009-09-30,5817880000000,595338000000.0,2009-10-15,0.66,0.68,736915102,798078000000.0,682773000000.0,807.878680168506,115305000000.0
2009-12-31,5843306000000,505831000000.0,2010-03-25,0.54,0.5,715631400,2176002000000.0,1449699000000.0,706.8317572426251,726303000000.0
2010-03-31,5876347000000,649066000000.0,2010-04-22,0.8,0.54,734277720,918184000000.0,685935000000.0,883.9516470689047,232249000000.0
2010-06-30,6454196000000,555517000000.0,2010-08-20,1.32,0.71,718194794,1153293000000.0,785204000000.0,773.4907084274967,368089000000.0
2010-09-30,6697629000000,221879000000.0,2010-11-24,0.54,0.13,718194794,1075736000000.0,1618847000000.0,308.939861237702,-543111000000.0
2010-12-31,6483363000000,-271263000000.0,2011-03-04,-0.33,-0.32,715631400,1736319000000.0,2080037000000.0,-379.0540772805665,-343718000000.0
2011-03-31,5365516000000,-115189000000.0,2011-05-24,-0.15,-0.14,715631400,814439000000.0,1098157000000.0,-160.9613552451723,-283718000000.0
2011-06-30,6047062000000,24931000000.0,2011-07-21,0.03,0.07,718204588,502339000000.0,1004266000000.0,34.712950065420635,-501927000000.0
2011-09-30,6268733000000,-686079000000.0,2011-11-28,-0.88,-0.37,715631400,866948000000.0,929839000000.0,-958.7044391847535,-62891000000.0
2011-12-31,6609978000000,5114000000.0,2012-01-30,-0.01,-0.07,715631400,1482132000000.0,1246094000000.0,7.146136963805668,236038000000.0
2012-03-31,6183676000000,-128464000000.0,2012-04-24,-0.16,-0.16,715631400,650869000000.0,1279954000000.0,-179.5114076883714,-629085000000.0
2012-06-30,6910372000000,-111175000000.0,2012-07-26,-0.27,-0.18,715631400,1842851000000.0,1007615000000.0,-155.35232243861853,835236000000.0
2012-09-30,7593045000000,158615000000.0,2012-10-26,0.2,0.27,715631400,1179572000000.0,1270488000000.0,221.6434326386461,-90916000000.0
2012-12-31,6803240000000,3899000000.0,2013-01-24,0.41,0.42,1431262800,1225500000000.0,1073819000000.0,2.7241677768750785,151681000000.0
2013-03-31,6803240000000,3899000000.0,2013-04-22,0.01,0.06,715631400,1225500000000.0,1073819000000.0,5.448335553750157,151681000000.0
2013-06-30,6572048000000,105681000000.0,2013-07-18,0.13,0.23,715631400,1295192000000.0,835528000000.0,147.67518585685312,459664000000.0
2013-09-30,6578735000000,244997000000.0,2013-10-17,0.3105,0.39,715631400,460839000000.0,741716000000.0,342.35082474022244,-280877000000.0
2013-12-31,5587698000000,-79951000000.0,2014-01-23,0.09,0.18,1431262800,910221000000.0,1104169000000.0,-55.86046112565771,-193948000000.0
2014-03-31,5587698000000,-79951000000.0,2014-04-23,-0.1,-0.04,715631400,910221000000.0,1104169000000.0,-111.72092225131541,-193948000000.0
2014-06-30,5979040000000,258327000000.0,2014-07-23,0.35,0.17,715631400,95441000000.0,787686000000.0,360.9777323912841,-692245000000.0
2014-09-30,6546853000000,349804000000.0,2014-10-22,0.46,0.44,715631400,748706000000.0,719556000000.0,488.8047114757681,29150000000.0
2014-12-31,8341938000000,376088000000.0,2015-01-28,0.48,0.58,715631400,1110153000000.0,724436000000.0,525.5331166295945,385717000000.0
2015-03-31,7022349000000,458224000000.0,2015-04-22,0.6,0.42,715631400,783124000000.0,520381000000.0,640.3072866841785,262743000000.0
2015-06-30,6707585000000,334996000000.0,2015-07-23,0.43,0.55,715803418,603588000000.0,553035000000.0,468.0000005252839,50553000000.0
2015-09-30,7158201000000,189168000000.0,2015-10-22,0.23,0.32,715631400,486745000000.0,787695000000.0,264.3371992900256,-300950000000.0
2015-12-31,5989201000000,2444000000.0,2016-01-26,-0.02,0.14,1431262800,916770000000.0,1122710000000.0,1.7075829819652966,-205940000000.0
2016-03-31,5989201000000,2444000000.0,2016-04-26,0.003,-0.22,715631400,916770000000.0,1122710000000.0,3.415165963930593,-205940000000.0
2016-06-30,5855142000000,-71593000000.0,2016-07-27,-0.1,0.01,715631400,305360000000.0,710577000000.0,-100.04172539103232,-405217000000.0
2016-09-30,6723775000000,177825000000.0,2016-10-25,0.22,0.21,715631400,1044442576000.0,941278120000.0,248.48686069392707,103164456000.0
2016-12-31,6628886000000,690300000000.0,2017-03-28,0.96,0.5,1431262800,1952314000000.0,1805704000000.0,482.30136352317686,146610000000.0
2017-03-31,7062162000000,633490000000.0,2017-05-15,0.77,0.51,715631400,1226192462000.0,1578781523000.0,885.2182841613713,-352589061000.0
2017-06-30,6628886000000,690300000000.0,2017-08-17,0.85,0.78,715631400,1986367196000.0,1749084526000.0,964.6027270463537,237282670000.0
2017-09-30,6973095000000,441982000000.0,2017-10-25,0.55,0.6,715631400,1936281440000.0,1481940840000.0,617.6112451186463,454340600000.0
2017-12-31,5675164000000,-59454000000.0,2018-01-23,0.06,0.31,1431262800,802215000000.0,1946153000000.0,-41.539541166024854,-1143938000000.0
2018-03-31,5675164000000,-59454000000.0,2018-04-26,-0.08,0.24,715631400,799542147000.0,1798899729000.0,-83.07908233204971,-999357582000.0
2018-06-30,5611248000000,-297385000000.0,2018-07-24,-0.77,-0.13,715631400,1501015651000.0,2247589971000.0,-415.5561089130522,-746574320000.0
2018-09-30,6102363000000,3421000000.0,2018-10-23,0.01,-0.05,715631400,1436520764000.0,2015646492000.0,4.78039392905342,-579125728000.0
2018-12-31,5878781000000,-60933000000.0,2019-03-07,0.18,0.13,1431262800,-176009000000.0,2244035000000.0,-42.57289436992284,-2420044000000.0
2019-03-31,5878781000000,-60933000000.0,2019-05-06,-0.08,-0.16,715631400,-177547319000.0,2125306248000.0,-85.14578873984568,-2302853567000.0
2019-06-30,5353410000000,-548377000000.0,2019-07-23,-0.6536,-0.33,715631400,1486362534000.0,2197511824000.0,-766.2841513102975,-711149290000.0
2019-09-30,5821681000000,-419354000000.0,2019-11-21,-0.52,-0.46,715631400,-62684684000.0,1592039747000.0,-585.9916152365589,-1654724431000.0
2019-12-31,5307021000000,-489121000000.0,2020-01-30,-2.14,-0.59,1431262800,562939000000.0,898360000000.0,-341.74087386327653,-335421000000.0
2020-03-31,4724249000000,-198991000000.0,2020-05-08,-0.23,-0.45,715631400,197789166000.0,1056591690000.0,-278.06353941428506,-858802524000.0
2020-06-30,5307021000000,-489121000000.0,2020-07-23,-0.56,-0.4,715631400,552501741000.0,773122104000.0,-683.4817477265531,-220620363000.0
2020-09-30,6737646000000,30377000000.0,2020-10-22,0.04,-0.15,715631400,428029465000.0,335602131000.0,42.44782998621916,92427334000.0
2020-12-31,6882761000000,228011000000.0,2021-01-26,1.42,0.29,715631400,962211000000.0,767756000000.0,318.61514181742166,194455000000.0
2021-03-31,6882761000000,228318000000.0,2021-04-28,0.29,0.45,715631400,977596963000.0,577298790000.0,319.0441336140365,400298173000.0
2021-06-30,6965570000000,363346000000.0,2021-07-27,0.45,0.44,715631400,1444532923000.0,862890279000.0,507.72786101895474,581642644000.0
2021-09-30,7223196000000,419834000000.0,2021-10-27,0.29,0.44,797609396,1373060071000.0,806702533000.0,526.365414080453,566357538000.0
2021-12-31,6471480000000,20041000000.0,2022-01-26,0.21,0.47,715631400,695304000000.0,1288757000000.0,28.004640377714,-593453000000.0
2022-03-31,6471480000000,20041000000.0,2022-04-27,0.02,0.02,715631400,704200111000.0,1124449549000.0,28.004640377714,-420249438000.0
2022-06-30,5607318000000,-404604000000.0,2022-07-27,-0.4,-0.41,800518086,411756457000.0,1127652912000.0,-505.42768124291945,-715896455000.0
2022-09-30,6771355000000,-789511000000.0,2022-10-26,-0.81,-0.37,764726956,903162820000.0,1724726274000.0,-1032.4090105697803,-821563454000.0
2022-12-31,4411000000000,-1530000000000.0,2023-01-26,-1.92,-0.67,1523538692,-573518000000.0,1448976000000.0,-1004.2409871399577,-2022494000000.0
2023-03-31,4411056000000,-1213777000000.0,2023-04-25,-1.21,-1.11,389621855,-584806620000.0,1325732840000.0,-3115.2692910411815,-1910539460000.0
2023-06-30,4738571000000,-858125000000.0,2023-07-26,-0.8192,-0.75,779243710,794697697000.0,871049829000.0,-1101.228009912329,-76352132000.0
2023-09-30,4785287000000,-720026000000.0,2023-10-25,-0.82,-0.59,779243710,1018986925000.0,582972160000.0,-924.0061751669449,436014765000.0
2023-12-31,5252975000000,-783157000000.0,2024-01-16,0.05,-0.06,1537510408,-413204000000.0,1090980000000.0,-509.36695837964044,-1504184000000.0
2024-03-31,5252975000000,-783157000000.0,2024-04-28,-0.77,-0.57,779243710,-420731527000.0,907850827000.0,-1005.0219077161368,-1328582354000.0
2024-06-30,6708199000000,-506527000000.0,2024-07-25,-0.74,-0.39,779243710,768407093000.0,348543218000.0,-650.0238545396793,419863875000.0
2024-09-30,6821301000000,-355159000000.0,2024-10-23,-0.2617,-0.06,1000000000,682736203000.0,552652136000.0,-355.159,130084067000.0
2024-12-31,7832872000000,-917763000000.0,2025-03-04,-1.84,0.232,1000325066,1359675000000.0,284219000000.0,-917.4647633992208,1075456000000.0
2025-03-31,6065298000000,-262725000000.0,2025-04-23,-0.181,-0.0733,1000000000,591907601000.0,371933614000.0,-262.725,219973987000.0
2025-06-30,5586956000000,865812000000.0,2025-07-23,0.7305,-0.1192,1000000000,-315906185000.0,279547696000.0,865.812,-595453881000.0
2025-09-30,6956978000000,-20658000000.0,2025-10-22,-0.0149,0.06,1000000000,628652019000.0,396589818000.0,-20.658,232062201000.0
