fiscalDateEnding,totalRevenue,netIncome,reportedDate,reportedEPS,estimatedEPS,commonStockSharesOutstanding,operatingCashflow,capitalExpenditures,eps_computed_simple,freeCashFlow
2005-09-30,320907000,49491000,2005-10-12,0.35,0.3,1414300000,47381000,4658000,0.03499328289613236,42723000
2005-12-31,358245000,77778000,2006-01-18,0.55,0.38,1425250000,111405000,5036000,0.05457147868794948,106369000
2006-03-31,437423000,86337000,2006-04-12,0.65,0.62,1448460000,109635000,6447000,0.059606064371815586,103188000
2006-06-30,525596000,122149000,2006-07-19,0.96,0.83,1447000000,92266000,25939000,0.08441534208707671,66327000
2006-09-30,604387000,183518000,2006-10-11,1.13,1.03,1448500000,216627000,12920000,0.12669520193303418,203707000
2006-12-31,633400000,167326000,2007-01-17,1.15,1.11,1453460000,162038000,13966000,0.11512253519188695,148072000
2007-03-31,650270000,164741000,2007-04-12,1.15,1.06,1430520000,151401000,18777000,0.11516161955093253,132624000
2007-06-30,678500000,170200000,2007-07-25,0.1281,,1328000000,293500000,14300000,0.12816265060240964,279200000
2007-09-30,684600000,148600000,2007-10-10,0.1176,,1264000000,222400000,14100000,0.11756329113924051,208300000
2007-12-31,610320000,115059000,2008-03-31,1.18,1.28,1266530000,21440000,24417000,0.09084585442113491,-2977000
2008-03-31,613810000,103524000,2008-04-23,0.87,0.94,1265490000,145985000,19291000,0.08180546665718418,126694000
2008-06-30,566160000,72178000,2008-07-29,0.6,0.4,1267000000,200447000,18951000,0.05696764009471192,181496000
2008-09-30,440361000,8873000,2008-10-22,0.26,0.25,1268190000,43132000,15151000,0.006996585685110275,27981000
2008-12-31,283409000,-24172000,2009-01-28,-0.09,-0.05,1250840000,-38989000,12417000,-0.019324613859486424,-51406000
2009-03-31,174412000,-198359000,2009-04-22,-0.71,-0.66,1255660000,-24152000,10866000,-0.15797190322220983,-35018000
2009-06-30,217764000,-88490000,2009-07-29,-0.45,-0.46,1263000000,-58120000,5848000,-0.0700633412509897,-63968000
2009-09-30,318548000,16797000,2009-10-21,0.03,-0.08,1278900000,2704000,5832000,0.0131339432324654,-3128000
2009-12-31,487176000,69574000,2010-01-27,0.47,0.4,1288290000,73310000,6893000,0.054004921252202534,66417000
2010-03-31,632763000,120301000,2010-04-21,0.94,0.82,1285870000,109266000,10823000,0.09355611375955579,98443000
2010-06-30,695289000,139997000,2010-07-28,1.17,0.97,1278000000,165433000,12042000,0.10954381846635368,153391000
2010-09-30,805874000,193724000,2010-10-20,1.52,1.38,1252020000,255744000,19130000,0.1547291576811872,236614000
2010-12-31,870714000,221856000,2011-01-26,1.74,1.57,1247860000,185583000,38025000,0.17778917506771594,147558000
2011-03-31,809087000,182240000,2011-04-20,1.45,1.36,1252930000,241593000,35769000,0.1454510627090101,205824000
2011-06-30,752018000,125928000,2011-07-27,1.14,1.09,1251000000,198108000,34571000,0.10066187050359712,163537000
2011-09-30,680436000,71838000,2011-10-19,0.63,0.65,1240490000,86900000,15732000,0.05791098678747914,71168000
2011-12-31,583981000,33212000,2012-01-25,0.34,0.3,1208730000,169016000,26682000,0.027476773142058195,142334000
2012-03-31,658961000,45604000,2012-04-18,0.5,0.46,1209560000,146397000,27978000,0.03770296636793545,118419000
2012-06-30,741814000,18069000,2012-07-25,0.6,0.64,1358420000,96715000,36880000,0.01330148260479086,59835000
2012-09-30,906888000,2768000,2012-10-17,0.53,0.41,1819260000,249262000,43965000,0.001521497751833163,205297000
2012-12-31,860886000,6408000,2013-01-23,0.45,0.44,1730270000,193226000,38924000,0.0037034682448404007,154302000
2013-03-31,844928000,18996000,2013-04-24,0.44,0.37,1685040000,102457000,34766000,0.011273322888477424,67691000
2013-06-30,986214000,85707000,2013-07-31,0.8,0.71,1697220000,174988000,43140000,0.05049846219111252,131848000
2013-09-30,1015059000,85506000,2013-10-23,0.81,0.71,1713630000,51925000,23778000,0.04989758582657867,28147000
2013-12-31,1116061000,148992000,2014-01-29,1.1,1.03,1717570000,129023000,38323000,0.08674580948665847,90700000
2014-03-31,1227392000,164396000,2014-04-23,1.26,1.17,1716360000,290210000,41638000,0.09578177072409051,248572000
2014-06-30,1248797000,233395000,2014-07-30,1.25,1.23,1733450000,245891000,41764000,0.134641899102945,204127000
2014-09-30,1152368000,141081000,2014-10-22,0.96,0.93,1771180000,141161000,41871000,0.07965367720954392,99290000
2014-12-31,1232241000,176940000,2015-01-28,1.19,1.13,1770460000,161239000,61363000,0.09994012855416107,99876000
2015-03-31,1393333000,206285000,2015-04-20,1.4,1.3,1775310000,191037000,31898000,0.11619660791636391,159139000
2015-06-30,1481370000,131271000,2015-07-29,1.5,1.47,1765750000,292066000,63133000,0.07434291377601586,228933000
2015-09-30,1600043000,288679000,2015-10-21,1.82,1.71,1743740000,448997000,49454000,0.16555163040361523,399543000
2015-12-31,1425534000,222980000,2016-01-27,1.57,1.43,1742420000,294545000,28143000,0.12797144201742405,266402000
2016-03-31,1314055000,143451000,2016-04-20,1.18,1.1,1743730000,182911000,46007000,0.08226675001290337,136904000
2016-06-30,1546261000,258939000,2016-07-27,1.8,1.64,1776490000,423824000,51726000,0.14575877151011263,372098000
2016-09-30,1632419000,263835000,2016-10-19,1.81,1.78,1800170000,473224000,41979000,0.1465611581128449,431245000
2016-12-31,1882299000,332791000,2017-01-25,2.24,2.19,1835430000,404098000,36513000,0.1813150052031404,367585000
2017-03-31,2153995000,574713000,2017-04-18,2.8,2.55,1850940000,422688000,44116000,0.31049790917047554,378572000
2017-06-30,2344907000,526424000,2017-07-26,3.11,3.03,1864270000,729272000,34811000,0.2823754069957678,694461000
2017-09-30,2478140000,590690000,2017-10-17,3.46,3.28,1838800000,858306000,60064000,0.3212366760931042,798242000
2017-12-31,2580815000,-9955000,2018-01-24,4.34,3.68,1611350000,28704000,84693000,-0.006178049461631551,-55989000
2018-03-31,2892115000,778800000,2018-04-17,4.79,4.38,1797790000,1050379000,49057000,0.4331985382052409,1001322000
2018-06-30,3125928000,1021146000,2018-07-26,5.31,4.94,1754320000,718358000,79655000,0.5820751060239865,638703000
2018-09-30,2330691000,533360000,2018-10-16,3.36,3.22,1653270000,720286000,56098000,0.3226091322046611,664188000
2018-12-31,2522673000,568855000,2019-01-23,3.87,3.66,1621700000,642419000,105923000,0.35077696244681505,536496000
2019-03-31,2439048000,547390000,2019-04-24,3.7,3.38,1578490000,932821000,75522000,0.3467807841671471,857299000
2019-06-30,2361147000,541825000,2019-07-31,3.62,3.42,1544740000,880487000,65948000,0.35075481958128873,814539000
2019-09-30,2165746000,465789000,2019-10-23,3.18,3.01,1506820000,464047000,39256000,0.30912053198125855,424791000
2019-12-31,2583501000,514510000,2020-01-29,4.01,3.85,1500970000,307928000,62054000,0.34278499903395804,245874000
2020-03-31,2503625000,574781000,2020-04-22,3.98,3.98,1481650000,541428000,51375000,0.3879330476158337,490053000
2020-06-30,2791864000,696673000,2020-07-29,4.78,4.05,1474160000,813048000,50554000,0.4725898138600966,762494000
2020-09-30,3177080000,823451000,2020-10-21,5.67,5.2,1472480000,642511000,62806000,0.5592272900141259,579705000
2020-12-31,3456237000,869229000,2021-01-27,6.03,5.72,1459100000,344637000,92072000,0.5957295593173875,252565000
2021-03-31,3847654000,1071121000,2021-04-21,7.49,6.62,1446090000,1165080000,89596000,0.7407014777780083,1075484000
2021-06-30,4145179000,1144657000,2021-07-28,8.09,7.55,1435140000,1435935000,104622000,0.7975925693660548,1331313000
2021-09-30,4304465000,1179744000,2021-10-20,8.36,8.21,1426120000,457524000,136427000,0.8272403444310437,321097000
2021-12-31,4226604000,1194830000,2022-01-26,8.53,8.51,1415300000,1440506000,138493000,0.8442238394686639,1302013000
2022-03-31,4060416000,1021778000,2022-04-20,7.4,7.51,1400570000,757710000,145368000,0.7295443997800896,612342000
2022-06-30,4635554000,1208934000,2022-07-27,8.83,7.32,1383130000,443934000,125746000,0.874056668570561,318188000
2022-09-30,5074121000,1425879000,2022-10-19,10.42,9.54,1372080000,1189588000,140063000,1.0392098128389016,1049525000
2022-12-31,5277569000,1468507000,2023-01-25,10.71,9.96,1363390000,1140187000,163378000,1.0770997293511029,976809000
2023-03-31,3869569000,814008000,2023-04-19,6.99,6.54,1353950000,1726438000,119457000,0.6012097935669707,1606981000
2023-06-30,3207257000,802537000,2023-07-26,5.98,5.07,1343920000,1122725000,78670000,0.597161289362462,1044055000
2023-09-30,3482062000,887398000,2023-10-18,6.85,6.12,1331660000,951163000,76992000,0.66638481294024,874171000
2023-12-31,3758259000,954266000,2024-01-24,7.52,7.1,1322200000,1453840000,115276000,0.7217259113598548,1338564000
2024-03-31,3793558000,965826000,2024-04-24,7.79,7.3,1315180000,1384836000,103654000,0.7343679192201827,1281182000
2024-06-30,3871507000,1020282000,2024-07-31,8.14,7.58,1311120000,862430000,100748000,0.778175910671792,761682000
2024-09-30,4167976000,1116444000,2024-10-23,0.86,0.81,1304066000,1568471000,110588000,0.8561253801571392,1457883000
2024-12-31,4376047000,1191018000,2025-01-29,0.91,0.88,1291469000,741942000,110588000,0.9222195809578085,631354000
2025-03-31,4720175000,1330667000,2025-04-23,1.04,1.0,1288100000,1308663000,288058000,1.0330463473332816,1020605000
2025-06-30,5171393000,1720088000,2025-07-30,1.33,1.21,1276933000,2554188000,172191000,1.347046399458703,2381997000
2025-09-30,5324173000,1568660000,2025-10-29,1.26,1.21,1269313000,1778964000,185121000,1.2358338723388163,1593843000
