fiscalDateEnding,totalRevenue,netIncome,reportedDate,reportedEPS,estimatedEPS,commonStockSharesOutstanding,operatingCashflow,capitalExpenditures,eps_computed_simple,freeCashFlow
2005-09-30,53390000,-7085000,2005-10-26,-0.03,-0.04,113544000,1618000,3304000,-0.062398717677728456,-1686000
2005-12-31,53991000,-22990000,2006-01-26,-0.06,-0.04,113544000,3425000,3328000,-0.20247657295850066,97000
2006-03-31,57452000,-807000,2006-04-25,0.02,,113791000,-3474000,2754000,-0.007091949275426,-6228000
2006-06-30,62719000,2066000,2006-07-25,0.05,0.03,125343000,5248000,5461000,0.0164827712756197,-213000
2006-09-30,63456000,897000,2006-10-26,0.04,0.05,115560000,15308000,2728000,0.007762201453790239,12580000
2006-12-31,61832000,937000,2007-01-25,0.04,0.03,114376000,-31577000,2730000,0.008192278100300763,-34307000
2007-03-31,58107000,-4383000,2007-04-26,-0.0382,0.02,114688000,-41226000,3915000,-0.03821672712053571,-45141000
2007-06-30,59243000,-1461000,2007-07-26,0.02,0.02,114827000,3695000,2914000,-0.012723488378168897,781000
2007-09-30,58304000,-4447000,2007-10-25,0.01,0.01,115057000,3791000,2110000,-0.03865040805861442,1681000
2007-12-31,53055000,-229525000,2008-01-24,-0.02,-0.02,115057000,5244000,2099000,-1.9948807982130596,3145000
2008-03-31,56604000,-3254000,2008-04-24,0.01,,115146000,6900000,3207000,-0.02825977454709673,3693000
2008-06-30,58079000,-13571000,2008-07-24,0.01,0.02,115171000,12500000,3917000,-0.11783348238705925,8583000
2008-09-30,57610000,-6978000,2008-10-23,0.01,,115370000,5035000,1406000,-0.06048366126376008,3629000
2008-12-31,49969000,-14403000,2009-01-29,-0.03,-0.01,115500000,1792000,1598000,-0.1247012987012987,194000
2009-03-31,43336000,-5750000,2009-04-23,-0.03,-0.04,115430000,7465000,798000,-0.04981373992896128,6667000
2009-06-30,46900000,-2719000,2009-07-23,-0.01,-0.03,115538000,33551000,1670000,-0.023533382956256815,31881000
2009-09-30,49097000,-4114000,2009-10-22,-0.0357,-0.02,115321000,12728000,1855000,-0.03567433511676104,10873000
2009-12-31,55087000,5626000,2010-01-28,0.05,0.04,115200000,45198000,2707000,0.04883680555555556,42491000
2010-03-31,70432000,11089000,2010-04-22,0.1,0.07,116717000,20894000,1954000,0.09500758244300316,18940000
2010-06-30,77119000,16736000,2010-07-22,0.14,0.12,120270000,28043000,2778000,0.13915357113162052,25265000
2010-09-30,77137000,15368000,2010-10-21,0.13,0.14,121052000,15351000,3799000,0.12695370584542182,11552000
2010-12-31,73080000,13879000,2011-01-27,0.11,0.08,121200000,15023000,5325000,0.11451320132013201,9698000
2011-03-31,82615000,10919000,2011-04-21,0.09,0.09,121864000,1022000,4065000,0.08959988183548874,-3043000
2011-06-30,83861000,13031000,2011-07-21,0.11,0.12,121468000,16645000,3242000,0.10727928343267362,13403000
2011-09-30,81720000,13337000,2011-10-20,0.11,0.11,120627000,26452000,1383000,0.11056396992381473,25069000
2011-12-31,70170000,40945000,2012-01-26,0.34,0.05,120473000,18057000,29951000,0.3398686842695044,-11894000
2012-03-31,71700000,-7714000,2012-04-19,-0.05,-0.07,118174000,-9943000,4524000,-0.06527662599218102,-14467000
2012-06-30,70792000,-12542000,2012-07-19,-0.11,-0.09,117874000,-2929000,5891000,-0.10640175102227803,-8820000
2012-09-30,70889000,-2175000,2012-10-18,-0.02,-0.01,116785000,12537000,815000,-0.018623967119064947,11722000
2012-12-31,65875000,-7175000,2013-01-24,-0.06,-0.07,115943000,4830000,8485000,-0.06188385672269995,-3655000
2013-03-31,71158000,1890000,2013-04-18,0.02,0.01,116714000,4062000,3054000,0.016193430094076117,1008000
2013-06-30,84694000,5040000,2013-07-25,0.04,0.03,117109000,-3155000,3783000,0.04303682893714403,-6938000
2013-09-30,87154000,8844000,2013-10-24,0.07,0.05,117349000,43226000,3400000,0.07536493706806194,39826000
2013-12-31,89519000,6547000,2014-02-06,0.06,0.04,117156000,12371000,2263000,0.05588275461777459,10108000
2014-03-31,96637000,11984000,2014-04-24,0.1,0.06,118917000,2900000,2395000,0.10077617161549653,505000
2014-06-30,99320000,11771000,2014-07-24,0.1,0.09,120944000,21155000,2480000,0.09732603518983993,18675000
2014-09-30,86570000,9406000,2014-10-23,0.08,0.06,120970000,15259000,1998000,0.0777548152434488,13261000
2014-12-31,83600000,15419000,2015-02-03,0.03,0.08,119486000,808000,3394000,0.12904440687611937,-2586000
2015-03-31,88597000,-53347000,2015-05-04,-0.42,0.03,116863000,-15000,2878000,-0.45649178953133157,-2893000
2015-06-30,106460000,-35570000,2015-07-30,-0.07,-0.01,116903000,-15392000,7405000,-0.3042693515136481,-22797000
2015-09-30,109715000,-24862000,2015-10-29,-0.04,-0.03,117669000,-5219000,6694000,-0.21128759486355794,-11913000
2015-12-31,101194000,-45454000,2016-02-17,-0.04,0.04,118095000,-2259000,10747000,-0.3848935179304797,-13006000
2016-03-31,96512000,-19711000,2016-05-09,-0.01,-0.01,118833000,23124000,9062000,-0.16587143301944746,14062000
2016-06-30,99209000,-13810000,2016-08-09,-0.12,0.02,119445000,9533000,6712000,-0.11561806689271213,2821000
2016-09-30,113225000,-12414000,2016-11-07,0.05,0.06,120584000,-13339000,5587000,-0.10294898162276919,-18926000
2016-12-31,118108000,-8164000,2017-02-15,0.1,0.13,121236000,22416000,4391000,-0.06733973407238773,18025000
2017-03-31,104587000,-7275000,2017-05-09,0.06,0.07,121800000,7665000,4991000,-0.05972906403940887,2674000
2017-06-30,94137000,-13022000,2017-08-08,-0.0044,0.06,122390000,3849000,6193000,-0.10639758150175668,-2344000
2017-09-30,91971000,-43052000,2017-11-07,0.04,0.01,122990000,24232000,8617000,-0.3500447190828523,15615000
2017-12-31,95266000,-7213000,2018-02-13,0.01,0.03,123541000,2768000,2590000,-0.05838547526732016,178000
2018-03-31,98623000,-5952000,2018-04-26,0.05,0.04,124076000,2458000,3641000,-0.04797059866533415,-1183000
2018-06-30,102715000,-20223000,2018-07-26,0.1,0.05,124843000,7124000,4445000,-0.16198745624504376,2679000
2018-09-30,101484000,6974000,2018-10-25,0.11,0.1,129474000,10978000,4236000,0.05386409626643187,6742000
2018-12-31,95977000,-7121000,2019-02-12,0.08,0.08,129521000,30898000,4185000,-0.054979501393596406,26713000
2019-03-31,98091000,7408000,2019-04-30,0.11,0.09,134810000,21758000,4813000,0.054951413099918404,16945000
2019-06-30,102296000,8559000,2019-07-30,0.15,0.11,137221000,44738000,3646000,0.06237383490865101,41092000
2019-09-30,103469000,13539000,2019-10-29,0.17,0.15,138894000,18321000,3270000,0.09747721283856754,15051000
2019-12-31,100237000,13987000,2020-02-11,0.17,0.15,138196000,39320000,3861000,0.10121132304842398,35459000
2020-03-31,97316000,8167000,2020-04-28,0.15,0.14,138044000,21103000,3867000,0.05916229607951088,17236000
2020-06-30,100589000,10629000,2020-07-28,0.17,0.15,139202000,15761000,2962000,0.07635666154221922,12799000
2020-09-30,103042000,12607000,2020-10-27,0.19,0.16,141524000,32094000,2952000,0.08908029733472768,29142000
2020-12-31,107173000,15989000,2021-02-16,0.19,0.17,141713000,22729000,2340000,0.11282662846739537,20389000
2021-03-31,115716000,18813000,2021-05-04,0.22,0.19,141674000,29371000,1270000,0.1327907731835058,28101000
2021-06-30,125905000,21838000,2021-08-03,0.25,0.22,141491000,41333000,3143000,0.15434197228092247,38190000
2021-09-30,131911000,26739000,2021-11-02,0.28,0.25,141632000,45359000,2705000,0.18879208088567556,42654000
2021-12-31,141795000,28532000,2022-02-02,0.32,0.28,141587000,51659000,2717000,0.2015156758741975,48942000
2022-03-31,150515000,36078000,2022-05-03,0.37,0.33,141281000,43205000,4426000,0.25536342466432144,38779000
2022-06-30,161372000,44532000,2022-08-01,0.42,0.4,140170000,49713000,4491000,0.31769993579225225,45222000
2022-09-30,172509000,46359000,2022-10-31,0.48,0.44,139935000,63907000,4163000,0.3312895272805231,59744000
2022-12-31,175960000,51913000,2023-02-13,0.49,0.48,139631000,81981000,10258000,0.3717870673417794,71723000
2023-03-31,184310000,55923000,2023-05-01,0.51,0.5,140101000,44864000,11029000,0.3991620331046888,33835000
2023-06-30,190079000,50644000,2023-07-31,0.52,0.51,139768000,70594000,914000,0.3623433117737966,69680000
2023-09-30,192169000,53788000,2023-10-30,0.53,0.52,139828000,82160000,4427000,0.3846725977629659,77733000
2023-12-31,170596000,98706000,2024-02-12,0.45,0.44,139114000,71970000,7963000,0.7095331886079043,64007000
2024-03-31,140815000,14796000,2024-04-29,0.29,0.28,138774000,29511000,7747000,0.10661939556401055,21764000
2024-06-30,124076000,22631000,2024-07-29,0.23,0.24,138243000,21931000,10441000,0.16370449136665147,11490000
2024-09-30,127091000,7190000,2024-11-04,0.24,0.24,137894000,44013000,2957000,0.05214149999274805,41056000
2024-12-31,117419000,16514000,2025-02-10,0.15,0.19,138322000,45421000,5754000,0.11938809444629199,39667000
2025-03-31,120150000,5022000,2025-05-05,0.22,0.22,138317000,31892000,8616000,0.036307901414865854,23276000
2025-06-30,123971000,2913000,2025-08-04,0.24,0.24,137596000,38531000,7230000,0.02117067356609204,31301000
2025-09-30,133349000,2794000,2025-11-03,0.28,0.28,138103000,47100000,17505000,0.020231276655829345,29595000
