fiscalDateEnding,totalRevenue,netIncome,reportedDate,reportedEPS,estimatedEPS,commonStockSharesOutstanding,operatingCashflow,capitalExpenditures,eps_computed_simple,freeCashFlow
2005-09-30,56231000,8970000,2005-11-01,0.04,0.2,11552932,30875000,35474000,0.7764262786277977,-4599000
2005-12-31,52430000,-1750000,2006-02-16,-1.3092,,51844001,27827000,64573000,-0.03375511083722107,-36746000
2006-03-31,54009000,6078000,2006-04-27,-0.02,0.02,10368800,25967000,453000,0.5861816217884422,25514000
2006-06-30,51648000,25520000,2006-07-27,0.05,0.05,10427315,34285000,51830000,2.447418151269047,-17545000
2006-09-30,51634000,-17595000,2006-10-26,-0.05,0.08,10455950,24814000,9483000,-1.6827739229816516,15331000
2006-12-31,54162000,-6249000,2007-02-22,-0.28,0.07,68538404,22954000,115369000,-0.0911751607171944,-92415000
2007-03-31,95162000,2215000,2007-05-03,-0.2191,,13707681,99018000,764000,0.16158823655146337,98254000
2007-06-30,120453000,28939000,2007-08-08,0.16,-0.05,65265828,53586000,1716000,0.4434020204263707,51870000
2007-09-30,124355000,14463000,2007-11-08,-0.27,-0.09,63458000,83289000,1343000,0.22791452614327587,81946000
2007-12-31,103888000,31234000,2008-02-27,-0.3,-0.18,11965316,51758000,0,2.610378196447131,51758000
2008-03-31,107588000,7812000,2008-05-08,0.01,-0.37,11965316,67961000,6774000,0.6528870612359924,61187000
2008-06-30,128674000,15725000,2008-08-07,-0.04,-0.22,12426004,65596000,4902000,1.2654913035598572,60694000
2008-09-30,105469000,-3717000,2008-11-06,-0.16,-0.04,64433457,53855000,71669000,-0.057687421613898504,-17814000
2008-12-31,100599000,-11355000,2009-02-25,-0.21,-0.15,19990914,42789000,11265000,-0.568008046055323,31524000
2009-03-31,100781000,-64948000,2009-05-07,-0.64,-0.18,99954569,43696000,11358000,-0.6497751993708262,32338000
2009-06-30,98764000,-77108000,2009-08-06,-0.87,-0.17,104163378,41079000,10436000,-0.7402601709019075,30643000
2009-09-30,97294000,-22129000,2009-11-05,-1.2687,,112217415,38825000,3028000,-0.19719755619036491,35797000
2009-12-31,82676000,-45967000,2010-02-24,-0.43,-0.13,24294548,35707000,0,-1.8920705995435683,35707000
2010-03-31,88918000,-26767000,2010-05-06,-0.27,-0.06,24294548,39715000,13399000,-1.101769829181428,26316000
2010-06-30,86094000,-24101000,2010-08-03,-0.23,-0.08,133141084,32699000,9927000,-0.18101850515202356,22772000
2010-09-30,87815000,6334000,2010-11-04,0.0779,-0.05,26742701,40466000,2686000,0.23684967348660854,37780000
2010-12-31,82324000,11574000,2011-02-24,0.04,-0.04,26742701,51871000,0,0.4327909884644786,51871000
2011-03-31,83269000,-17439000,2011-05-05,-0.16,-0.04,29235102,39394000,14162000,-0.5965089500970443,25232000
2011-06-30,82675000,-44258000,2011-08-02,-0.33,-0.03,30305391,40038000,56210000,-1.4604002304408479,-16172000
2011-09-30,84048000,-30914000,2011-11-03,-0.24,-0.02,31441106,39410000,26811000,-0.9832351317412308,12599000
2011-12-31,78355000,13027000,2012-02-23,0.05,-0.02,30829807,61295000,119251000,0.4225456228123647,-57956000
2012-03-31,82735000,3611000,2012-05-03,-0.01,0.0,30829807,43798000,29172000,0.11712690903319635,14626000
2012-06-30,83930000,4510000,2012-08-07,-0.1097,-0.01,154797485,37053000,62337000,0.02913484027211424,-25284000
2012-09-30,87655000,174541000,2012-11-06,0.05,-0.01,180855164,39602000,44115000,0.9650871788211699,-4513000
2012-12-31,95533000,-2347000,2013-02-21,-0.04,0.03,34529352,43357000,15259000,-0.06797115682912323,28098000
2013-03-31,97067000,-2620000,2013-05-02,-0.04,,189232274,57132000,17372000,-0.013845418356067528,39760000
2013-06-30,99413000,6732000,2013-08-07,-0.004,0.04,42323858,38026000,16160000,0.15905922375979997,21866000
2013-09-30,97946000,4695000,2013-11-05,0.01,0.05,214406065,59926000,4535000,0.021897701447951112,55391000
2013-12-31,109606000,-7177000,2014-02-20,-0.04,0.05,224260756,51220000,10755000,-0.03200292431012763,40465000
2014-03-31,112199000,886000,2014-05-08,-0.01,0.08,227156690,59942000,3051000,0.0039003913994344608,56891000
2014-06-30,109756000,14450000,2014-08-07,0.05,0.1,228851184,43779000,2352000,0.06314146926152674,41427000
2014-09-30,109513000,40405000,2014-11-07,0.17,0.11,45984422,61826000,4031000,0.8786671277503499,57795000
2014-12-31,107954000,37363000,2015-02-19,0.15,0.1,231239828,49125000,8247000,0.16157683701442643,40878000
2015-03-31,108588000,33505000,2015-05-07,0.14,0.08,232957265,57921000,1717000,0.14382466243325787,56204000
2015-06-30,110333000,49332000,2015-08-04,0.14,0.09,239903370,54588000,3626000,0.20563279290324266,50962000
2015-09-30,105438000,-5984000,2015-11-05,-0.03,0.05,234018062,68966000,13401000,-0.025570675822449977,55565000
2015-12-31,106626000,34850000,2016-02-23,0.14,0.09,239411055,63455000,10366000,0.14556554207574082,53089000
2016-03-31,111616000,49769000,2016-05-05,0.21,0.1,238885171,59221000,1325000,0.20833859126400106,57896000
2016-06-30,109577000,48476000,2016-08-09,0.2,0.1,235227199,57699000,69000,0.20608161048586904,57630000
2016-09-30,106331000,-25030000,2016-11-03,-0.11,0.09,234207396,63663000,2011000,-0.10687109129551144,61652000
2016-12-31,95326000,16001000,2017-03-01,0.06,0.08,235204568,54690000,1141000,0.06803014131936418,53549000
2017-03-31,96099000,42040000,2017-05-09,0.19,0.06,241088049,57438000,3330000,0.17437612596051993,54108000
2017-06-30,95684000,7152000,2017-08-08,0.02,0.06,241531313,48528000,5218000,0.029611067447805412,43310000
2017-09-30,97689000,5541000,2017-11-07,0.03,0.07,241702715,66615000,4819000,0.02292485626402666,61796000
2017-12-31,102169000,30850000,2018-02-27,0.1,0.06,238072081,55180000,1817000,0.12958260317806858,53363000
2018-03-31,102637000,-14315000,2018-05-08,-0.07,0.06,238072081,56221000,6727000,-0.060128848119742354,49494000
2018-06-30,105493000,-1694000,2018-08-08,-0.01,0.06,237312726,54660000,3839000,-0.0071382602549515195,50821000
2018-09-30,99958000,218016000,2018-11-06,0.07,0.11,246058298,58775000,783000,0.8860339268054273,57992000
2018-12-31,87251000,25408000,2019-02-27,0.1,0.05,238292912,48155000,4157000,0.10662507661998775,43998000
2019-03-31,81248000,28027000,2019-05-08,0.11,0.04,236142143,47621000,4455000,0.11868698930203238,43166000
2019-06-30,80135000,23333000,2019-08-07,0.09,0.03,236299878,40936000,4181000,0.09874317412893459,36755000
2019-09-30,81550000,143319000,2019-11-06,0.59,0.04,241355289,54362000,3494000,0.5938092369709785,50868000
2019-12-31,83036000,85231000,2020-02-20,0.33,0.03,50587918,49265000,5699000,1.6848094044906137,43566000
2020-03-31,80827000,18154000,2020-05-07,0.06,0.03,257347277,46958000,2383000,0.07054280974575845,44575000
2020-06-30,81792000,18866000,2020-08-06,0.06,0.03,269088631,50632000,6955000,0.0701107286840372,43677000
2020-09-30,84514000,41904000,2020-11-05,0.15,0.07,276022762,61719000,5990000,0.1518135667376591,55729000
2020-12-31,83315000,104378000,2021-02-18,0.37,0.06,284076532,49369000,1922000,0.3674291546195023,47447000
2021-03-31,92557000,41042000,2021-05-07,0.14,0.04,279053697,57400000,1303000,0.1470756361274798,56097000
2021-06-30,81541000,72678000,2021-08-05,0.26,0.04,277466056,51535000,1615000,0.2619347427492176,49920000
2021-09-30,83417000,6638000,2021-11-04,0.02,0.02,282048458,61897000,6453000,0.023534962917613256,55444000
2021-12-31,86482000,262290000,2022-02-24,0.93,0.02,292782489,55118000,5836000,0.8958527570957292,49282000
2022-03-31,80278000,10622000,2022-05-05,0.03,0.01,289067778,43627000,5991000,0.036745707437513146,37636000
2022-06-30,79775000,41298000,2022-08-04,0.14,0.01,285436441,53117000,9807000,0.14468369860315067,43310000
2022-09-30,80088000,23390000,2022-11-03,0.08,0.01,278521946,62547000,9795000,0.08397901973584516,52752000
2022-12-31,81104000,38473000,2023-02-16,0.13,-0.01,276118668,40156000,6969000,0.1393350195358758,33187000
2023-03-31,85075000,11166000,2023-05-03,0.03,0.17,291040466,37546000,3703000,0.03836579893326587,33843000
2023-06-30,87050000,-8048000,2023-08-02,-0.03,-0.01,291015537,55098000,4207000,-0.02765488084576048,50891000
2023-09-30,85422000,12664000,2023-10-31,0.04,-0.02,291253005,60879000,4316000,0.043481096443966305,56563000
2023-12-31,82956000,14601000,2024-02-15,0.04,0.0002,291193514,55923000,5711000,0.05014191353176912,50212000
2024-03-31,86251000,-359000,2024-05-02,-0.01,-0.01,58257677,38916000,2610000,-0.006162277977544487,36306000
2024-06-30,85786000,5426000,2024-07-31,-0.01,-0.02,58323070,38453000,1086000,0.09303351143895545,37367000
2024-09-30,85570000,6346000,2024-11-06,-0.02,-0.02,58320199,64597000,7758000,0.10881307177981338,56839000
2024-12-31,100851000,33031000,2025-02-13,0.04,-0.02,58346400,69221000,6328000,0.5661189036512964,62893000
2025-03-31,88863000,18978000,2025-05-01,0.06,-0.03,58459600,38986000,2963000,0.3246344484053945,36023000
2025-06-30,87719000,29132000,2025-07-30,-0.02,-0.01,58441634,44292000,8802000,0.49848024440931954,35490000
2025-09-30,86902000,36189000,2025-11-05,-0.0388,-0.009,58536180,67398000,6581000,0.6182330312637415,60817000
