fiscalDateEnding,totalRevenue,netIncome,reportedDate,reportedEPS,estimatedEPS,commonStockSharesOutstanding,operatingCashflow,capitalExpenditures,eps_computed_simple,freeCashFlow
2010-09-30,10302000000,474000000,2010-10-29,1.14,0.88,564000000,1113000000,153000000,0.8404255319148937,960000000
2010-12-31,10610000000,771000000,2011-02-18,1.27,0.66,566000000,728000000,200000000,1.362190812720848,528000000
2011-03-31,12252000000,663000000,2011-05-02,1.23,0.75,569000000,221000000,221000000,1.165202108963093,0
2011-06-30,13306000000,804000000,2011-07-29,1.49,1.26,575000000,1026000000,261000000,1.3982608695652174,765000000
2011-09-30,12516000000,895000000,2011-10-28,1.53,1.22,575000000,1531000000,279000000,1.5565217391304347,1252000000
2011-12-31,11444000000,-215000000,2012-02-10,0.41,0.76,572000000,91000000,289000000,-0.3758741258741259,-198000000
2012-03-31,11734000000,600000000,2012-04-30,1.07,1.06,575000000,921000000,228000000,1.0434782608695652,693000000
2012-06-30,11248000000,770000000,2012-07-27,1.66,1.41,577000000,509000000,233000000,1.3344887348353554,276000000
2012-09-30,11273000000,846000000,2012-10-26,1.36,1.45,577000000,2047000000,266000000,1.466204506065858,1781000000
2012-12-31,11097000000,632000000,2013-02-01,1.15,1.14,578000000,1328000000,333000000,1.0934256055363323,995000000
2013-03-31,10669000000,901000000,2013-04-26,1.56,1.45,578000000,799000000,391000000,1.5588235294117647,408000000
2013-06-30,11103000000,929000000,2013-07-26,1.6,1.62,578000000,1264000000,387000000,1.6072664359861593,877000000
2013-09-30,11152000000,853000000,2013-10-29,1.51,1.59,567000000,1131000000,423000000,1.5044091710758378,708000000
2013-12-31,11138000000,1174000000,2014-01-31,2.11,1.4,555000000,1641000000,360000000,2.1153153153153155,1281000000
2014-03-31,11135000000,945000000,2014-04-29,1.63,1.73,548000000,801000000,343000000,1.7244525547445255,458000000
2014-06-30,12117000000,1178000000,2014-07-25,2.22,1.92,527000000,1797000000,415000000,2.235294117647059,1382000000
2014-09-30,12066000000,1258000000,2014-10-24,2.52,2.29,512000000,1434000000,338000000,2.45703125,1096000000
2014-12-31,10290000000,793000000,2015-02-03,2.48,2.15,499000000,2016000000,403000000,1.5891783567134268,1613000000
2015-03-31,8185000000,1166000000,2015-04-24,2.59,1.98,481000000,1468000000,306000000,2.424116424116424,1162000000
2015-06-30,9145000000,1330000000,2015-07-28,2.8,2.7,472000000,1446000000,278000000,2.8177966101694913,1168000000
2015-09-30,8334000000,1185000000,2015-10-23,2.8,2.57,463000000,1768000000,373000000,2.5593952483801297,1395000000
2015-12-31,7071000000,795000000,2016-02-02,2.2,2.14,446000000,1160000000,483000000,1.7825112107623318,677000000
2016-03-31,6743000000,1030000000,2016-04-22,2.3,2.29,434000000,1300000000,527000000,2.3732718894009217,773000000
2016-06-30,7328000000,1091000000,2016-07-29,2.45,2.51,425000000,1261000000,563000000,2.5670588235294116,698000000
2016-09-30,7365000000,952000000,2016-11-01,2.31,2.32,414000000,1332000000,586000000,2.2995169082125604,746000000
2016-12-31,7747000000,763000000,2017-02-03,2.16,2.15,407000000,1713000000,567000000,1.8746928746928746,1146000000
2017-03-31,8430000000,797000000,2017-04-28,2.26,2.35,403000000,613000000,421000000,1.977667493796526,192000000
2017-06-30,8403000000,1131000000,2017-07-28,2.82,2.67,402000000,1625000000,407000000,2.8134328358208953,1218000000
2017-09-30,8516000000,1057000000,2017-10-27,2.41,2.48,395000000,1486000000,318000000,2.6759493670886076,1168000000
2017-12-31,9135000000,1894000000,2018-02-02,2.73,2.56,395000000,1482000000,401000000,4.794936708860759,1081000000
2018-03-31,9767000000,1231000000,2018-04-27,3.11,2.75,395000000,1006000000,429000000,3.116455696202532,577000000
2018-06-30,10206000000,1654000000,2018-08-03,3.34,2.92,392000000,1727000000,496000000,4.219387755102041,1231000000
2018-09-30,10155000000,1113000000,2018-10-30,2.96,2.68,390000000,1441000000,482000000,2.853846153846154,959000000
2018-12-31,8876000000,692000000,2019-02-01,1.83,2.26,381294120,1297000000,698000000,1.814871941901438,599000000
2019-03-31,8778000000,815000000,2019-04-26,2.22,2.19,372000000,657000000,599000000,2.1908602150537635,58000000
2019-06-30,9048000000,1002000000,2019-08-02,2.74,2.84,370000000,1186000000,622000000,2.708108108108108,564000000
2019-09-30,8722000000,963000000,2019-11-01,2.7,2.76,337000000,1876000000,742000000,2.857566765578635,1134000000
2019-12-31,8179000000,605000000,2020-01-31,1.92,2.26,332000000,1242000000,731000000,1.822289156626506,511000000
2020-03-31,7494000000,142000000,2020-05-01,1.51,1.56,334000000,542000000,660000000,0.4251497005988024,-118000000
2020-06-30,5546000000,313000000,2020-07-31,0.71,0.65,334000000,1292000000,588000000,0.937125748502994,704000000
2020-09-30,6776000000,112000000,2020-10-30,1.27,1.12,334000000,827000000,425000000,0.33532934131736525,402000000
2020-12-31,7937000000,853000000,2021-01-29,2.19,1.36,334000000,743000000,274000000,2.553892215568862,469000000
2021-03-31,9082000000,1068000000,2021-04-30,3.18,2.59,334000000,571000000,340000000,3.197604790419162,231000000
2021-06-30,11561000000,2058000000,2021-07-30,6.13,5.57,335000000,1902000000,431000000,6.143283582089552,1471000000
2021-09-30,12700000000,1760000000,2021-10-29,5.25,5.75,334000000,2143000000,514000000,5.269461077844311,1629000000
2021-12-31,12830000000,724000000,2022-01-28,3.63,3.97,334000000,3079000000,674000000,2.1676646706586826,2405000000
2022-03-31,13157000000,1318000000,2022-04-29,4.0,3.53,329000000,1502000000,446000000,4.006079027355623,1056000000
2022-06-30,14838000000,1643000000,2022-07-29,5.19,4.67,329000000,1599000000,532000000,4.993920972644377,1067000000
2022-09-30,12250000000,570000000,2022-10-28,1.96,2.84,327000000,1414000000,439000000,1.7431192660550459,975000000
2022-12-31,10206000000,351000000,2023-02-03,1.29,1.22,327000000,1604000000,473000000,1.073394495412844,1131000000
2023-03-31,10247000000,472000000,2023-04-28,2.51,1.74,327000000,482000000,352000000,1.4434250764525993,130000000
2023-06-30,10306000000,714000000,2023-08-04,2.44,2.28,326000000,1290000000,301000000,2.1901840490797544,989000000
2023-09-30,10625000000,745000000,2023-10-27,2.46,2.03,325000000,1666000000,394000000,2.292307692307692,1272000000
2023-12-31,9929000000,183000000,2024-02-02,1.39,1.31,326000000,1504000000,484000000,0.5613496932515337,1020000000
2024-03-31,8304000000,471000000,2024-04-26,1.53,1.37,326000000,-114000000,483000000,1.4447852760736197,-597000000
2024-06-30,8678000000,923000000,2024-08-02,2.24,2.23,326000000,1348000000,484000000,2.831288343558282,864000000
2024-09-30,10322000000,570000000,2024-11-01,1.88,1.96,326000000,670000000,368000000,1.7484662576687116,302000000
2024-12-31,9497000000,-598000000,2025-01-31,0.75,0.7,326000000,1915000000,504000000,-1.834355828220859,1411000000
2025-03-31,7677000000,175000000,2025-04-25,0.33,0.43,324000000,-579000000,483000000,0.5401234567901234,-1062000000
2025-06-30,7658000000,114000000,2025-08-01,0.62,0.78,322000000,351000000,539000000,0.35403726708074534,-188000000
2025-09-30,7727000000,-892000000,2025-10-31,1.01,0.87,326000000,983000000,406000000,-2.736196319018405,577000000
