fiscalDateEnding,totalRevenue,netIncome,reportedDate,reportedEPS,estimatedEPS,commonStockSharesOutstanding,operatingCashflow,capitalExpenditures,eps_computed_simple,freeCashFlow
2005-09-30,227298000,65653000,2005-10-20,0.16,0.15,429376000,109064000,10372000,0.15290328290356237,98692000
2005-12-31,234896000,40124000,2006-01-19,0.17,0.16,431334000,119998000,17651000,0.09302304014986067,102347000
2006-03-31,247172000,75568000,2006-04-25,0.18,0.17,428350000,114264000,33477000,0.17641648184895528,80787000
2006-06-30,262557000,76984000,2006-07-20,0.18,0.18,439582000,129803000,16645000,0.17513000987301572,113158000
2006-09-30,267934000,79488000,2006-10-25,0.18,0.18,440256000,120932000,19269000,0.18054949847361534,101663000
2006-12-31,251004000,72849000,2007-01-31,0.17,0.17,441840000,107090000,15502000,0.16487642585551332,91588000
2007-03-31,258176000,127708000,2007-04-26,0.17,0.17,436222000,71944000,8623000,0.292759191420882,63321000
2007-06-30,264072000,80293000,2007-07-26,0.18,0.18,447184000,122630000,25470000,0.17955248846112562,97160000
2007-09-30,258647000,60679000,2007-10-23,0.18,0.18,444008000,105407000,11775000,0.13666195203690024,93632000
2007-12-31,252600000,80124000,2008-01-24,0.18,0.18,422674000,132098000,11808000,0.1895645343692775,120290000
2008-03-31,260418000,76652000,2008-04-28,0.19,0.18,382098000,87172000,20774000,0.20060822092761543,66398000
2008-06-30,268172000,76310000,2008-07-24,0.2,0.2,382098000,123093000,21747000,0.19971316259179583,101346000
2008-09-30,269706000,75720000,2008-10-23,0.21,0.2,375872000,144394000,46269000,0.20145155797718373,98125000
2008-12-31,192166000,72356000,2009-01-29,0.1,0.11,367998000,-2919000,23805000,0.19662063380779243,-26724000
2009-03-31,173253000,22829000,2009-05-07,0.06,0.05,365712000,44086000,10549000,0.062423437021481384,33537000
2009-06-30,192949000,27368000,2009-08-06,0.08,0.07,371052000,115067000,3756000,0.07375785604174077,111311000
2009-09-30,226661000,44485000,2009-11-04,0.12,0.11,373844000,128025000,5977000,0.11899348391307604,122048000
2009-12-31,250099000,69403000,2010-02-03,0.19,0.15,375722000,100927000,18683000,0.1847190209782765,82244000
2010-03-31,278020000,75749000,2010-05-05,0.2,0.19,371080000,108028000,19188000,0.20413118465021018,88840000
2010-06-30,320801000,89566000,2010-08-05,0.29,0.26,380144000,133318000,34103000,0.23561071593922303,99215000
2010-09-30,382271000,103080000,2010-11-04,0.32,0.29,381408000,158129000,31834000,0.2702617669267556,126295000
2010-12-31,367824000,100776000,2011-01-27,0.29,0.28,392510000,138677000,34177000,0.25674759878729203,104500000
2011-03-31,379985000,125528000,2011-05-05,0.3,0.29,374976000,152537000,24340000,0.3347627581498549,128197000
2011-06-30,374507000,99293000,2011-08-04,0.28,0.27,409134000,83305000,27219000,0.2426906588061613,56086000
2011-09-30,340602000,79287000,2011-11-03,0.23,0.23,400398000,154754000,25230000,0.19802046963271544,129524000
2011-12-31,329156000,77489000,2012-02-02,0.21,0.21,406582000,55939000,6133000,0.19058640077524336,49806000
2012-03-31,338911000,80636000,2012-05-01,0.23,0.22,386904000,102460000,3788000,0.20841345656803756,98672000
2012-06-30,352134000,78710000,2012-08-02,0.24,0.24,407400000,128971000,10304000,0.1932007854688267,118667000
2012-09-30,383298000,-21184000,2012-11-08,0.24,0.24,388120000,63300000,15908000,-0.05458105740492631,47392000
2012-12-31,416047000,10173000,2013-02-07,0.21,0.18,408810000,139211000,9864000,0.024884420635503047,129347000
2013-03-31,430144000,59690000,2013-05-02,0.26,0.24,418892000,125001000,14742000,0.1424949629021323,110259000
2013-06-30,462792000,78579000,2013-07-31,0.28,0.27,424532000,164431000,27757000,0.18509558761177014,136674000
2013-09-30,492669000,99806000,2013-10-30,0.32,0.3,432950000,154924000,27449000,0.23052546483427647,127475000
2013-12-31,482372000,105401000,2014-01-30,0.31,0.3,438178000,153868000,24330000,0.24054379726960276,129538000
2014-03-31,493384000,111495000,2014-05-06,0.32,0.31,445378000,203341000,33536000,0.25033791520910326,169805000
2014-06-30,528876000,89909000,2014-07-31,0.34,0.33,449054000,165788000,44637000,0.20021868194025663,121151000
2014-09-30,546243000,93641000,2014-10-30,0.34,0.33,450568000,192046000,38735000,0.20782878500026633,153311000
2014-12-31,528710000,86057000,2015-01-29,0.32,0.31,446974000,184838000,36642000,0.19253245155199183,148196000
2015-03-31,543207000,99402000,2015-05-07,0.34,0.33,441894000,178510000,29458000,0.22494534888457413,149052000
2015-06-30,533952000,130667000,2015-08-03,0.35,0.36,433534000,181528000,33611000,0.3013996595422735,147917000
2015-09-30,541391000,64899000,2015-11-04,0.33,0.31,434198000,149886000,29943000,0.14946867558118646,119943000
2015-12-31,540344000,61211000,2016-02-03,0.32,0.31,435950000,210477000,17869000,0.14040830370455326,192608000
2016-03-31,557647000,67355000,2016-05-04,0.35,0.34,435422000,202592000,16472000,0.15468901433551818,186120000
2016-06-30,799411000,-113363000,2016-08-08,0.42,0.37,428690000,223967000,18494000,-0.26444050479367376,205473000
2016-09-30,871364000,33919000,2016-11-07,0.47,0.43,467920000,222123000,18152000,0.07248888698922892,203971000
2016-12-31,834366000,107175000,2017-02-07,0.53,0.43,470848000,290802000,15692000,0.22762122808209867,275110000
2017-03-31,902666000,136908000,2017-05-09,0.58,0.53,478342000,322560000,22972000,0.2862136295788369,299588000
2017-06-30,972141000,170587000,2017-08-03,0.66,0.61,485804000,344992000,22130000,0.35114367111015965,322862000
2017-09-30,1012139000,189156000,2017-11-06,0.71,0.68,489600000,350131000,59895000,0.3863480392156863,290236000
2017-12-31,994205000,-251086000,2018-02-06,1.36,1.35,468212000,364959000,66387000,-0.536265623264675,298572000
2018-03-31,1002300000,146700000,2018-05-08,0.7,0.67,503000000,359518000,58388000,0.29165009940357856,301130000
2018-06-30,1212500000,35700000,2018-08-09,0.81,0.74,504400000,302400000,89400000,0.07077716098334655,213000000
2018-09-30,1432500000,96300000,2018-11-07,0.91,0.86,503600000,487500000,72000000,0.19122319301032564,415500000
2018-12-31,1374700000,49200000,2019-02-05,0.83,0.79,489200000,481500000,27400000,0.10057236304170074,454100000
2019-03-31,1329800000,174700000,2019-05-07,0.74,0.7,501800000,403400000,40100000,0.34814667198086885,363300000
2019-06-30,1322600000,50700000,2019-08-06,0.71,0.69,507800000,380600000,23900000,0.09984245766049626,356700000
2019-09-30,1337800000,108900000,2019-11-05,0.72,0.72,510600000,396000000,17700000,0.21327849588719153,378300000
2019-12-31,1287400000,311100000,2020-02-04,0.66,0.63,516600000,395500000,14100000,0.6022067363530779,381400000
2020-03-31,1326400000,99900000,2020-05-07,0.73,0.68,514600000,371700000,11900000,0.1941313641663428,359800000
2020-06-30,1309700000,123600000,2020-08-04,0.78,0.72,515600000,501800000,9500000,0.23972071373157486,492300000
2020-09-30,1309500000,73600000,2020-11-05,0.78,0.71,535300000,455800000,6300000,0.13749299458247713,449500000
2020-12-31,1352100000,36200000,2021-02-04,0.81,0.79,550800000,509700000,21400000,0.06572258533042846,488300000
2021-03-31,1467100000,116000000,2021-05-06,0.93,0.87,563000000,449200000,55400000,0.20603907637655416,393800000
2021-06-30,1569400000,252800000,2021-08-03,0.99,0.95,565100000,629900000,86300000,0.4473544505397275,543600000
2021-09-30,1649800000,242000000,2021-11-04,1.07,1.06,565900000,611700000,78500000,0.42763739176532956,533200000
2021-12-31,1757500000,352800000,2022-02-03,1.2,1.17,567300000,853400000,90700000,0.6218931782125859,762700000
2022-03-31,1844200000,437900000,2022-05-09,1.35,1.25,565100000,747700000,114600000,0.7749070960891877,633100000
2022-06-30,1963600000,507200000,2022-08-02,1.37,1.34,561500000,840400000,121900000,0.9032947462154942,718500000
2022-09-30,2073200000,546200000,2022-11-03,1.46,1.44,558300000,793200000,110300000,0.9783270643023464,682900000
2022-12-31,2169200000,580300000,2023-02-02,1.56,1.55,555400000,1277900000,141300000,1.044832553114872,1136600000
2023-03-31,2232700000,604000000,2023-05-04,1.64,1.62,553900000,709500000,112700000,1.0904495396280918,596800000
2023-06-30,2288600000,666400000,2023-08-03,1.64,1.64,551400000,993200000,111100000,1.2085600290170475,882100000
2023-09-30,2254300000,666600000,2023-11-02,1.62,1.62,549200000,616200000,74400000,1.2137654770575383,541800000
2023-12-31,1765700000,419200000,2024-02-01,1.08,1.04,546500000,853300000,59500000,0.7670631290027448,793800000
2024-03-31,1325800000,154700000,2024-05-06,0.57,0.57,544800000,430000000,40100000,0.2839574155653451,389900000
2024-06-30,1241300000,129300000,2024-08-01,0.53,0.52,542800000,377100000,72900000,0.2382092851879145,304200000
2024-09-30,1163800000,78400000,2024-11-05,0.46,0.43,542000000,43600000,20800000,0.14464944649446496,22800000
2024-12-31,1026000000,-53600000,2025-02-06,0.2,0.28,537400000,271500000,18100000,-0.09973948641607741,253400000
2025-03-31,970500000,-154600000,2025-05-08,0.11,0.1,537400000,205900000,14200000,-0.28768142910308897,191700000
2025-06-30,1075500000,-18600000,2025-08-07,0.27,0.24,539200000,275600000,17900000,-0.03449554896142433,257700000
2025-09-30,1140400000,41700000,2025-11-10,0.35,0.34,539200000,88100000,36500000,0.07733679525222552,51600000
