fiscalDateEnding,totalRevenue,netIncome,reportedDate,reportedEPS,estimatedEPS,commonStockSharesOutstanding,operatingCashflow,capitalExpenditures,eps_computed_simple,freeCashFlow
2005-09-30,38347892,7087214,2005-10-25,0.37,0.33,19103711,9452878,5152000,0.3709862445050598,4300878
2005-12-31,34891896,4900434,2006-02-20,0.26,0.23,19093777,6574562,961062,0.25665084493235674,5613500
2006-03-31,35605661,4768098,2006-04-26,0.25,0.25,19252277,8581045,1615815,0.24766410747154738,6965230
2006-06-30,37658751,4822232,2006-07-26,0.29,0.31,19282501,5216797,1513108,0.25008332684645007,3703689
2006-09-30,41902607,7371041,2006-10-25,0.38,0.37,19245639,11516483,1106939,0.3829979872323283,10409544
2006-12-31,36801935,5119000,2007-02-20,0.27,0.27,19274847,9907936,1559227,0.2655792806033687,8348709
2007-03-31,37781591,5495112,2007-04-25,0.28,0.27,19323646,9115842,2228274,0.2843724212294098,6887568
2007-06-30,41561320,6900450,2007-07-25,0.36,0.33,19366442,10120879,3035703,0.3563096411824123,7085176
2007-09-30,43623296,8036008,2007-10-24,0.41,0.38,19366043,5640429,4945237,0.4149535349064339,695192
2007-12-31,36890164,4048648,2008-02-20,0.21,0.26,19329131,5261627,7078269,0.2094583558878048,-1816642
2008-03-31,34273393,2302031,2008-04-23,0.12,0.2,18545964,5913452,19096073,0.12412571274267545,-13182621
2008-06-30,35343765,2802903,2008-07-23,0.16,0.19,17253109,8276344,21951745,0.16245785035033397,-13675401
2008-09-30,38787199,4025695,2008-10-22,0.25,0.21,16141830,5418311,14059079,0.24939520488073533,-8640768
2008-12-31,32965112,410339,2009-02-26,0.03,0.08,17017859,3393635,12775061,0.024112257599501793,-9381426
2009-03-31,32579184,922160,2009-04-22,0.06,-0.01,16148037,357974,2734136,0.057106631598627125,-2376162
2009-06-30,34455358,1797918,2009-07-22,0.11,0.06,16151412,7252377,2385689,0.11131645951449941,4866688
2009-09-30,34845800,2037858,2009-10-21,0.13,0.17,16180168,7885445,4294834,0.125947888798188,3590611
2009-12-31,31851514,83543,2010-02-25,0.06,,16159415,10586949,6430662,0.005169927252935827,4156287
2010-03-31,34351552,2442146,2010-04-21,0.15,0.04,16151408,5425478,1806685,0.1512032882829782,3618793
2010-06-30,36155896,2660331,2010-07-21,0.16,0.16,16220865,3387603,778950,0.1640067283711442,2608653
2010-09-30,37680098,2665937,2010-10-20,0.17,0.17,16209724,7939365,1354768,0.16446529256142794,6584597
2010-12-31,33842481,467847,2011-02-24,0.05,0.07,16205606,9226553,2874159,0.028869454187643463,6352394
2011-03-31,33285816,1539146,2011-04-20,0.09,0.15,16222989,4430714,1376053,0.0948743785747497,3054661
2011-06-30,37159873,3558136,2011-07-20,0.22,0.13,16223488,5840559,1089742,0.21932003771322173,4750817
2011-09-30,36174386,11279,2011-10-19,0.17,0.17,16234443,7299119,1365506,0.0006947574363961855,5933613
2011-12-31,34012130,567293,2012-02-23,0.03,0.06,16231325,4992875,9760542,0.034950504656890306,-4767667
2012-03-31,34630092,1641367,2012-04-18,0.1,0.11,16274355,4733898,1443703,0.10085604007040525,3290195
2012-06-30,45841782,1792758,2012-07-26,0.11,0.15,16249450,6563569,3658539,0.11032730338565305,2905030
2012-09-30,47861711,4137081,2012-10-24,0.25,0.19,16234158,9385805,2852113,0.25483803964455687,6533692
2012-12-31,43648567,1339643,2013-02-28,0.08,0.11,16250088,5366207,2374560,0.08243912279121196,2991647
2013-03-31,47644027,4262002,2013-04-25,0.26,0.16,16275000,11854615,2395542,0.2618741628264209,9459073
2013-06-30,49651094,6120244,2013-07-24,0.37,0.24,16702000,7183480,2946466,0.36643779188121184,4237014
2013-09-30,48989479,5519509,2013-10-22,0.32,0.32,17180000,9330795,2878014,0.3212752619324796,6452781
2013-12-31,44504140,2059073,2014-02-26,0.12,0.16,16943925,7718383,4180443,0.12152278766578582,3537940
2014-03-31,45508000,3276000,2014-04-23,0.19,0.23,17259000,7848000,4960000,0.18981401008169652,2888000
2014-06-30,47803000,3024000,2014-07-24,0.22,0.29,17104000,6258000,4538000,0.17680074836295603,1720000
2014-09-30,48597000,4074000,2014-10-22,0.24,0.22,17016000,8676000,3521000,0.23942172073342735,5155000
2014-12-31,45859000,3811000,2015-02-25,0.22,0.14,17107000,8463000,8700000,0.2227743029169346,-237000
2015-03-31,47171000,4043000,2015-04-22,0.24,0.22,17198000,8239000,7780000,0.23508547505523897,459000
2015-06-30,50013000,5099000,2015-07-22,0.29,0.27,17302000,6659000,7422000,0.2947058143567218,-763000
2015-09-30,53576000,6394000,2015-10-22,0.37,0.28,17343000,13533000,11373000,0.36867900593899555,2160000
2015-12-31,51485000,5123000,2016-02-24,0.29,0.2,17335000,9810000,11101000,0.29552927603115087,-1291000
2016-03-31,49749000,4575000,2016-04-20,0.31,0.27,17540000,10761000,8928000,0.26083238312428736,1833000
2016-06-30,54578000,5695000,2016-07-20,0.32,0.34,17579000,6367000,5900000,0.3239660959098925,467000
2016-09-30,57109000,7834000,2016-10-25,0.45,0.4,17720000,12047000,4818000,0.4420993227990971,7229000
2016-12-31,55596000,6470000,2017-02-23,0.36,0.33,17664000,14553000,6475000,0.3662817028985507,8078000
2017-03-31,53414000,4872000,2017-04-25,0.27,0.28,18021000,10310000,12246000,0.2703512568669885,-1936000
2017-06-30,58229000,7239000,2017-07-25,0.4,0.37,18208000,7992000,8203000,0.3975724956063269,-211000
2017-09-30,63027000,9030000,2017-10-24,0.49,0.47,18398000,16443000,16088000,0.49081421893684096,355000
2017-12-31,56056000,4397000,2018-02-20,0.31,0.41,18701000,14709000,13453000,0.23512111651783327,1256000
2018-03-31,56268000,6741000,2018-04-26,0.36,0.37,18710000,13027000,18204000,0.36028861571352216,-5177000
2018-06-30,59909000,9239000,2018-07-24,0.5,0.51,18569000,15442000,36615000,0.4975496795734827,-21173000
2018-09-30,64359000,10859000,2018-10-24,0.58,0.56,18631000,16522000,46877000,0.5828457946433364,-30355000
2018-12-31,59779000,7259000,2019-02-20,0.39,0.42,18566000,13765000,35378000,0.3909835182591834,-21613000
2019-03-31,58740000,7015000,2019-04-24,0.38,0.38,18619000,13468000,38217000,0.3767656694774155,-24749000
2019-06-30,62761000,9279000,2019-07-24,0.5,0.46,18666000,18184000,37031000,0.4971070395371263,-18847000
2019-09-30,65585000,9326000,2019-10-30,0.5,0.58,18709000,16317000,31097000,0.4984766689828425,-14780000
2019-12-31,62080000,6196000,2020-03-11,0.33,0.39,18741000,15277000,19022000,0.33061202710634435,-3745000
2020-03-31,51011000,2020000,2020-04-22,0.11,0.29,18874000,-7466000,10839000,0.10702553777683586,-18305000
2020-06-30,15156000,-4347000,2020-07-22,-0.22,-0.65,18181000,-2551000,7325000,-0.2390957593091689,-9876000
2020-09-30,59869000,10745000,2020-10-29,0.57,0.19,18861000,29302000,12073000,0.5696940777265256,17229000
2020-12-31,58377000,15260000,2021-02-24,0.8,0.54,19047000,12159000,58430000,0.8011760382212422,-46271000
2021-03-31,74960000,8154000,2021-04-28,0.42,0.4,19283000,21854000,6427000,0.42285951356116785,15427000
2021-06-30,97719000,18149000,2021-07-28,0.93,0.93,19465000,33348999,5777999,0.9323914718725919,27571000
2021-09-30,111630000,22314000,2021-10-25,1.15,0.99,19423000,41074000,14787000,1.148844153838233,26287000
2021-12-31,111068000,19871000,2022-02-09,1.02,0.91,19509000,31826000,19936000,1.0185555384694243,11890000
2022-03-31,108318000,18118000,2022-04-20,0.92,0.88,19592000,35438000,14814000,0.9247652102899142,20624000
2022-06-30,115289000,19435000,2022-07-20,0.99,1.06,19582000,25173000,11880000,0.9924931059135941,13293000
2022-09-30,133727000,27493000,2022-10-19,1.41,1.22,19503000,39073000,4731000,1.4096805619648258,34342000
2022-12-31,120536000,22433000,2023-02-14,1.14,1.2,19628000,40084000,8052000,1.1429080904829836,32032000
2023-03-31,116644000,17670000,2023-04-19,0.9,0.99,19654000,61534000,14777000,0.8990536277602523,46757000
2023-06-30,123683000,22413000,2023-07-19,1.14,1.17,19618000,26381000,8425000,1.1424711999184423,17956000
2023-09-30,132965000,24163000,2023-10-18,1.23,1.43,19608000,46494000,8962000,1.2323031415748673,37532000
2023-12-31,128186000,18202000,2024-02-14,0.93,1.03,19595000,38637000,16841000,0.9289104363358,21796000
2024-03-31,121657000,18275000,2024-04-17,0.93,0.96,19659000,18713000,17622000,0.9295996744493616,1091000
2024-06-30,128143000,22682000,2024-07-24,1.19,1.11,19090000,24306000,13352000,1.1881613410162388,10954000
2024-09-30,137873000,27601000,2024-10-23,1.47,1.37,18746000,40317000,4898000,1.472367438386856,35419000
2024-12-31,134513000,4211000,2025-02-12,1.3642,1.13,18758000,37801000,11560000,0.22449088388954047,26241000
2025-03-31,125394000,19864000,2025-04-15,1.0744,1.0,18829000,36462000,19819000,1.0549683998088055,16643000
2025-06-30,136914000,27008000,2025-07-22,1.44,1.18,18723000,34128000,8104000,1.4425038722426962,26024000
2025-09-30,142814000,31576000,2025-10-21,1.69,1.57,18736000,56022000,2476000,1.6853116994022204,53546000
