fiscalDateEnding,totalRevenue,netIncome,reportedDate,reportedEPS,estimatedEPS,commonStockSharesOutstanding,operatingCashflow,capitalExpenditures,eps_computed_simple,freeCashFlow
2005-09-30,1066862000,87223000,2005-10-20,0.48,0.51,180584000,140426000,124697000,0.483005138882736,15729000
2005-12-31,1014085000,73267000,2006-01-27,0.41,0.41,179823000,179483000,169297000,0.40743953776769376,10186000
2006-03-31,815294000,53246000,2006-04-24,0.29,0.27,180915000,131633000,136895000,0.2943150098112373,-5262000
2006-06-30,973783000,71442000,2006-07-28,0.39,0.39,181107000,59836000,129356000,0.39447398499229736,-69520000
2006-09-30,1190636000,108487000,2006-10-23,0.61,0.52,181307000,197173000,131828000,0.5983607913649225,65345000
2006-12-31,1092113000,82581000,2007-01-30,0.45,0.35,181341000,270833000,110896000,0.45539067282081824,159937000
2007-03-31,787491000,46662000,2007-04-23,0.23,0.25,182337000,106129000,123758000,0.2559107586501917,-17629000
2007-06-30,982365000,89475000,2007-07-24,0.45,0.45,182746000,32487000,118971000,0.48961399975922865,-86484000
2007-09-30,1245310000,201262000,2007-10-23,0.57,0.62,183171000,174862000,137358000,1.0987656342980057,37504000
2007-12-31,1232730000,94722000,2008-01-25,0.52,0.49,182599000,249714000,178196000,0.5187432570824594,71518000
2008-03-31,1121907000,71051000,2008-05-02,0.39,0.37,183130000,142558000,165315000,0.3879812155299514,-22757000
2008-06-30,1251772000,115507000,2008-08-04,0.63,0.57,183727000,96247000,220699000,0.6286882167563831,-124452000
2008-09-30,1333834000,118382000,2008-10-31,0.64,0.66,184081000,210032000,172211000,0.6430973321526936,37821000
2008-12-31,1295765000,-11267000,2009-02-03,0.4,0.37,183219000,337350000,188253000,-0.061494713976170595,149097000
2009-03-31,1094005000,-343803000,2009-04-30,0.22,0.2,183787000,247824000,145355000,-1.8706600575666397,102469000
2009-06-30,958040000,55311000,2009-08-03,0.3,0.29,184398000,150601000,127512000,0.2999544463605896,23089000
2009-09-30,1107927000,92584000,2009-10-30,0.5,0.42,185425000,230797000,71912000,0.49930699743831736,158885000
2009-12-31,1016529000,72634000,2010-02-01,0.38,0.38,188000000,217464000,103896000,0.38635106382978723,113568000
2010-03-31,834800000,41800000,2010-04-30,0.22,0.26,188200000,85116000,123902000,0.22210414452709884,-38786000
2010-06-30,906400000,48900000,2010-08-03,0.26,0.26,188300000,118255000,113633000,0.25969198088157197,4622000
2010-09-30,1125900000,61000000,2010-10-27,0.41,0.45,188300000,168149000,102686000,0.32395114179500795,65463000
2010-12-31,1042551000,88940000,2011-02-03,0.4,0.34,188700000,180113000,109061000,0.47133015368309483,71052000
2011-03-31,901800000,43000000,2011-05-02,0.22,0.24,188800000,120461000,82664000,0.2277542372881356,37797000
2011-06-30,930800000,45100000,2011-08-01,0.24,0.24,189000000,133834000,142270000,0.23862433862433863,-8436000
2011-09-30,1152200000,64000000,2011-10-31,0.34,0.34,188800000,157320000,114527000,0.3389830508474576,42793000
2011-12-31,1065700000,61000000,2012-02-01,0.39,0.33,188900000,215033000,157539000,0.32292218104817366,57494000
2012-03-31,852800000,35800000,2012-04-30,0.19,0.21,189200000,124993000,174429000,0.18921775898520085,-49436000
2012-06-30,968000000,54100000,2012-08-01,0.18,0.19,189100000,49748000,214020000,0.28609201480698043,-164272000
2012-09-30,1173500000,-29600000,2012-10-31,0.38,0.39,188800000,154621000,241327000,-0.15677966101694915,-86706000
2012-12-31,1081100000,-61000000,2013-02-04,0.4,0.39,188800000,255378000,243144000,-0.3230932203389831,12234000
2013-03-31,931600000,56500000,2013-04-30,0.28,0.23,189200000,136874000,188475000,0.2986257928118393,-51601000
2013-06-30,1060600000,46500000,2013-07-31,0.25,0.24,189500000,97052000,242964000,0.24538258575197888,-145912000
2013-09-30,1285800000,84500000,2013-10-31,0.49,0.46,189600000,195036000,217026000,0.4456751054852321,-21990000
2013-12-31,1184400000,91500000,2014-02-03,0.48,0.41,189800000,313231000,260935000,0.482086406743941,52296000
2014-03-31,1042900000,56700000,2014-04-30,0.32,0.32,190400000,137037000,179646000,0.2977941176470588,-42609000
2014-06-30,1094000000,54100000,2014-08-04,0.29,0.29,192700000,73504000,210480000,0.28074727555786194,-136976000
2014-09-30,1370500000,103200000,2014-11-03,0.44,0.48,194300000,192773000,248605000,0.5311374163664436,-55832000
2014-12-31,1163200000,84300000,2015-02-02,0.35,0.39,194200000,212468000,333371000,0.4340885684860968,-120903000
2015-03-31,918500000,-305900000,2015-05-04,0.12,0.22,194500000,94661000,189463000,-1.5727506426735218,-94802000
2015-06-30,986215000,-229604000,2015-08-03,0.15,0.19,194838000,79072000,166435000,-1.1784354181422516,-87363000
2015-09-30,1280500000,-139400000,2015-11-02,0.38,0.38,195200000,208461000,128585000,-0.7141393442622951,79876000
2015-12-31,1062500000,52600000,2016-02-03,0.25,0.27,195300000,258950000,140892000,0.26932923707117257,118058000
2016-03-31,905200000,24900000,2016-05-03,0.17,0.13,195300000,45226000,115194000,0.12749615975422426,-69968000
2016-06-30,1043900000,-109100000,2016-08-02,0.24,0.2,195700000,57423000,104904000,-0.5574859478794073,-47481000
2016-09-30,1208600000,83000000,2016-11-02,0.45,0.43,195800000,173826000,83775000,0.42390194075587334,90051000
2016-12-31,1016100000,65700000,2017-02-01,0.33,0.28,195900000,185734000,84310000,0.33537519142419603,101424000
2017-03-31,937900000,37300000,2017-05-03,0.18,0.16,196000000,86539000,72316000,0.1903061224489796,14223000
2017-06-30,1067600000,41200000,2017-08-01,0.22,0.25,196000000,52954000,71448000,0.21020408163265306,-18494000
2017-09-30,1272500000,87400000,2017-11-01,0.46,0.49,195800000,132408000,78320000,0.4463738508682329,54088000
2017-12-31,1165200000,115300000,2018-02-06,0.39,0.32,195600000,176110000,119298000,0.5894683026584867,56812000
2018-03-31,976300000,42400000,2018-05-02,0.22,0.19,196000000,105800000,105136000,0.2163265306122449,664000
2018-06-30,1064600000,43800000,2018-07-31,0.22,0.26,196200000,70800000,105476000,0.22324159021406728,-34676000
2018-09-30,1280800000,107300000,2018-10-31,0.55,0.54,196300000,140800000,134987000,0.5466123280692817,5813000
2018-12-31,1209900000,78800000,2019-02-05,0.39,0.42,196400000,182500000,222631000,0.40122199592668023,-40131000
2019-03-31,1091200000,40900000,2019-04-30,0.21,0.23,196400000,1500000,133839000,0.20824847250509165,-132339000
2019-06-30,1303600000,61800000,2019-07-30,0.32,0.28,198300000,-24400000,147835000,0.31164901664145234,-172235000
2019-09-30,1563800000,137600000,2019-10-29,0.68,0.61,199400000,226000000,141362000,0.6900702106318957,84638000
2019-12-31,1378213000,95065000,2020-02-04,0.47,0.37,200500000,339177000,153029000,0.47413965087281795,186148000
2020-03-31,1197373000,25130000,2020-05-07,0.13,0.25,200500000,79290000,139485000,0.1253366583541147,-60195000
2020-06-30,1362928000,99703000,2020-08-04,0.5,0.29,200500000,182112000,109315000,0.4972718204488778,72797000
2020-09-30,1587289000,153078000,2020-11-04,0.76,0.63,200600000,220365000,165042000,0.7631006979062812,55323000
2020-12-31,1385159000,112294000,2021-02-03,0.56,0.52,200900000,286607000,144165000,0.5589547038327526,142442000
2021-03-31,1227938000,52131000,2021-05-05,0.26,0.15,200952000,95620000,111091000,0.2594201600382181,-15471000
2021-06-30,1423657000,100190000,2021-08-04,0.5,0.53,201700000,87191000,150846000,0.4967278135845315,-63655000
2021-09-30,1586013000,139276000,2021-11-03,0.68,0.82,203200000,182999000,166177000,0.6854133858267717,16822000
2021-12-31,1443125000,86534000,2022-02-09,0.42,0.54,203800000,129967000,231311000,0.4246025515210991,-101344000
2022-03-31,1416559000,31763000,2022-05-04,0.16,0.21,203391000,112410000,150288000,0.15616718537201743,-37878000
2022-06-30,1009749000,70667000,2022-08-04,0.35,0.51,203400000,6698000,59603000,0.34742871189773844,-52905000
2022-09-30,1002487000,147971000,2022-11-03,0.75,0.77,203644000,165825000,135372000,0.7266160554693485,30453000
2022-12-31,1859178000,117088000,2023-02-09,0.61,0.53,203900000,225067000,193586000,0.5742422756253065,31481000
2023-03-31,1430098000,38353000,2023-05-04,0.23,0.2,203910000,-43600000,154049000,0.1880878819086852,-197649000
2023-06-30,1091126000,130692000,2023-08-03,0.29,0.32,203877000,116748000,78088000,0.6410335643549787,38660000
2023-09-30,1000795000,74929000,2023-11-02,0.29,0.25,203886000,101813000,138448000,0.36750438970797406,-36635000
2023-12-31,1135320000,170733000,2024-02-08,0.48,0.49,204100000,157713000,113551000,0.8365164135227829,44162000
2024-03-31,588275000,100898000,2024-05-02,0.52,0.47,204187000,165097000,116986000,0.49414507289886234,48111000
2024-06-30,344471000,60436000,2024-08-08,0.32,0.21,204582000,136472000,109953000,0.2954121085921538,26519000
2024-09-30,289694000,64615000,2024-11-07,0.32,0.21,204678000,140217000,174050000,0.3156909877954641,-33833000
2024-12-31,535538000,55159000,2025-02-06,0.34,0.34,204653000,60532000,121835000,0.2695245122231289,-61303000
2025-03-31,674833000,81965000,2025-05-08,0.4,0.36,204959000,217472000,93034000,0.39990925014271145,124438000
2025-06-30,351186000,13780000,2025-08-07,0.07,0.13,205211000,117412000,80948000,0.06715039642124447,36464000
2025-09-30,315100000,18400000,2025-11-06,0.09,0.11,205300000,57909000,179822000,0.08962493911349245,-121913000
