fiscalDateEnding,totalRevenue,netIncome,reportedDate,reportedEPS,estimatedEPS,commonStockSharesOutstanding,operatingCashflow,capitalExpenditures,eps_computed_simple,freeCashFlow
2005-09-30,1808243000,93210000,2005-10-26,0.38,0.41,300677419,179243000,196046000,0.3100000003658406,-16803000
2005-12-31,1753633000,97799000,2006-02-23,0.35,0.33,282425490,384628000,331661000,0.34628248321353716,52967000
2006-03-31,1878533000,144037000,2006-04-27,0.56,0.52,293953061,139755000,355394000,0.49000000037420943,-215639000
2006-06-30,2019185000,146394000,2006-08-03,0.56,0.53,292788000,278296000,439554000,0.5,-161258000
2006-09-30,1901975000,156262000,2006-11-02,0.54,0.41,289374074,358245000,589516000,0.5400000001382294,-231271000
2006-12-31,1528265000,201571000,2007-02-14,0.53,0.48,285038983,441118000,499589000,0.7071699382256076,-58471000
2007-03-31,1929435000,168173000,2007-05-03,0.59,0.63,295040351,258091000,580689000,0.5699999997627443,-322598000
2007-06-30,1936416000,360172000,2007-08-02,0.62,0.58,295232000,419957000,1210020000,1.2199626056796011,-790063000
2007-09-30,1897070000,183863000,2007-10-30,0.62,0.5,296553226,19340000,692200000,0.6199999995953509,-672860000
2007-12-31,1928716000,872211000,2008-02-21,0.43,0.55,288648780,297028000,434500000,3.021703400236093,-137472000
2008-03-31,1883633000,118346000,2008-05-06,0.4,0.43,298400000,-123294000,249343000,0.3966018766756032,-372637000
2008-06-30,1895719000,113101000,2008-08-05,0.4,0.42,284615000,379707000,229864000,0.39738242889517417,149843000
2008-09-30,1785531000,61278000,2008-10-29,0.22,0.31,279846000,244307000,194903000,0.2189704337385562,49404000
2008-12-31,1624512000,-1148011000,2009-03-17,-0.11,0.14,276556000,252312000,107644000,-4.151097788512995,144668000
2009-03-31,1498795000,105199000,2009-05-04,-0.1,-0.07,276770000,134263000,58507000,0.380095386060628,75756000
2009-06-30,1494155000,-212575000,2009-08-03,-0.12,-0.09,352457000,253766000,35007000,-0.6031232178677115,218759000
2009-09-30,1533223000,-750388000,2009-11-05,0.01,-0.08,441214000,130287000,29170000,-1.7007347908271269,101117000
2009-12-31,1452416000,-433918000,2010-02-18,-0.21,-0.13,441240000,69598000,14166000,-0.9834058562233705,55432000
2010-03-31,1457392000,-96741000,2010-05-06,-0.31,-0.27,441240000,-44909000,53942000,-0.21924802828392712,-98851000
2010-06-30,1537695000,-883476000,2010-08-03,-0.35,-0.24,441297000,394753000,25153000,-2.001998653967736,369600000
2010-09-30,1557705000,-317991000,2010-11-03,-0.21,-0.23,441328000,30554000,49444000,-0.7205321212340935,-18890000
2010-12-31,1466441000,-139189000,2011-02-14,-0.2,-0.22,488539000,123616000,78952000,-0.28490867668701986,44664000
2011-03-31,1504954000,-89871000,2011-05-04,-0.16,-0.19,488539000,23978000,34459000,-0.1839587013523997,-10481000
2011-06-30,1805985000,3441985000,2011-08-08,-0.05,-0.13,554890000,272945000,50719000,6.203004199030438,222226000
2011-09-30,2233587000,-123786000,2011-11-03,-0.14,-0.14,488636000,184117000,91146000,-0.25332967689650376,92971000
2011-12-31,2296889000,-113691000,2012-02-22,-0.21,-0.19,488861000,194086000,124920000,-0.23256303939156528,69166000
2012-03-31,2287590000,-217253000,2012-05-03,-0.09,-0.16,488861000,291694000,113757000,-0.4444064877337321,177937000
2012-06-30,2323765000,-145452000,2012-08-07,-0.12,-0.16,488931000,220562000,102473000,-0.2974898298532922,118089000
2012-09-30,2254978000,-181159000,2012-10-31,-0.23,-0.17,488945000,375006000,100527000,-0.3705099755596233,274479000
2012-12-31,2294511000,-1223827000,2013-02-20,-0.23,-0.22,489211000,22089000,106006000,-2.501634264151869,-83917000
2013-03-31,2352148000,6546000,2013-05-02,0.03,-0.1,492305000,194656000,97415000,0.013296635215973837,97241000
2013-06-30,2481265000,-92958000,2013-08-06,0.04,0.01,489484000,535406000,145463000,-0.1899101911400577,389943000
2013-09-30,2463037000,-31859000,2013-10-31,0.02,-0.03,489672000,365695000,136695000,-0.06506191899884003,229000000
2013-12-31,2513213000,-38335000,2014-02-19,-0.08,-0.01,490185000,214691000,182551000,-0.07820516743678407,32140000
2014-03-31,2630398000,102652000,2014-04-29,0.22,0.09,513144000,290795000,192751000,0.20004521148059803,98044000
2014-06-30,2581033000,110008000,2014-08-05,0.22,0.1,513371000,512829000,177497000,0.21428557514935592,335332000
2014-09-30,2485007000,-20270000,2014-10-30,-0.04,0.06,490914000,219190000,247211000,-0.041290327837462365,-28021000
2014-12-31,2385546000,-342263000,2015-02-17,-0.7,0.06,491308000,107856000,339582000,-0.6966363258892588,-231726000
2015-03-31,2332244000,169850000,2015-05-04,0.33,0.13,575312000,175648000,292329000,0.2952311093806491,-116681000
2015-06-30,2385135000,97459000,2015-08-04,0.17,0.11,570114000,271621000,301712000,0.1709465124518956,-30091000
2015-09-30,2280816000,66425000,2015-10-29,0.12,0.04,569320000,290511000,406537000,0.11667427808613785,-116026000
2015-12-31,2191873000,-781454000,2016-02-18,-0.06,0.01,564398000,267299000,466241000,-1.38457967604421,-198942000
2016-03-31,2209686000,66799000,2016-05-05,0.12,0.11,569455000,224596000,427499000,0.11730338657137088,-202903000
2016-06-30,2269502000,474353000,2016-08-04,0.3,0.23,570762000,389050000,543072000,0.8310872132342377,-154022000
2016-09-30,2515115000,535619000,2016-11-07,0.35,0.11,573812000,435359000,619737000,0.9334398722926673,-184378000
2016-12-31,2460820000,24669000,2017-02-16,0.11,0.21,579176000,484967000,672165000,0.042593270439382845,-187198000
2017-03-31,2708179000,206384000,2017-04-27,0.38,0.29,580165000,405435000,456075000,0.35573328277300426,-50640000
2017-06-30,2641737000,209836000,2017-07-27,0.3,0.3,582056000,533691000,416535000,0.3605082672457633,117156000
2017-09-30,2826740000,148335000,2017-11-08,0.34,0.34,580676000,572783000,526668000,0.2554522659796513,46115000
2017-12-31,2597248000,1375433000,2018-02-20,2.4027,0.08,572420000,694502000,464804000,2.4028388246392507,229698000
2018-03-31,2822237000,218846000,2018-04-26,0.33,0.29,571970000,577664000,418624000,0.38261796947392346,159040000
2018-06-30,2858695000,117791000,2018-08-02,0.26,0.29,554339000,515487000,443137000,0.21248910865012205,72350000
2018-09-30,3029302000,138723000,2018-10-30,0.25,0.19,540396000,302315000,362163000,0.2567061932360713,-59848000
2018-12-31,3052862000,-23327000,2019-02-13,-0.06,0.13,528922000,327073000,262919000,-0.04410291120429855,64154000
2019-03-31,3176911000,27472000,2019-04-29,0.05,0.21,537506000,399782000,183252000,0.051110127142766776,216530000
2019-06-30,3223243000,44397000,2019-07-25,0.16,0.25,535417000,568051000,138366000,0.08292041530246518,429685000
2019-09-30,3314382000,-37133000,2019-10-30,-0.08,0.29,518983000,388275000,161168000,-0.07154954979257509,227107000
2019-12-31,3079043000,2011577000,2020-02-12,0.08,0.26,515096000,454293000,256220000,3.9052467889480798,198073000
2020-03-31,2252817000,806869000,2020-04-23,-0.47,-0.32,496984000,-422937000,73110000,1.6235311398354877,-496047000
2020-06-30,289809000,-857257000,2020-07-30,-1.67,-1.7,493456000,-662565000,67098000,-1.737251142959048,-729663000
2020-09-30,1125920000,-534731000,2020-10-29,-1.08,-1.04,493517000,-164103000,37363000,-1.0835108010463672,-201466000
2020-12-31,1493536000,-447605000,2021-02-10,-0.92,-0.91,494225000,-243438000,93008000,-0.9056704942081036,-336446000
2021-03-31,1647747000,-335938000,2021-04-28,-0.69,-0.85,494864000,-87610000,78914000,-0.6788491383491222,-166524000
2021-06-30,2267962000,90304000,2021-08-04,-0.13,-0.3,495302000,456829000,104478000,0.18232108895179103,352351000
2021-09-30,2707539000,1337936000,2021-11-03,0.03,-0.01,484215000,518289000,138747000,2.7631031669816095,379542000
2021-12-31,3056892000,116087000,2022-02-09,0.12,0.02,470037000,487167000,168558000,0.24697417437350677,318609000
2022-03-31,2854309000,-34793000,2022-05-02,0.01,-0.09,442916000,420482000,101583000,-0.07855439857670529,318899000
2022-06-30,3264888000,1622625000,2022-08-03,0.03,0.23,421303000,512681000,135261000,3.851444209986637,377420000
2022-09-30,3416072000,-1061087000,2022-11-02,-1.39,0.24,393295000,400561000,219726000,-2.697941748560241,180835000
2022-12-31,3592216000,284002000,2023-02-08,-1.53,-1.36,386932000,423685000,308497000,0.7339842659692142,115188000
2023-03-31,3873296000,466807000,2023-05-01,0.44,0.1,378095000,704602000,139820000,1.2346288631164126,564782000
2023-06-30,3942207000,200796000,2023-08-02,0.59,0.54,365339000,576706000,253477000,0.549615562532333,323229000
2023-09-30,3961627000,161117000,2023-11-08,0.64,0.49,351390000,694080000,209756000,0.45851333276416517,484324000
2023-12-31,4409345000,313460000,2024-02-13,1.06,0.71,340151000,715938000,328760000,0.9215319078879673,387178000
2024-03-31,4383470000,217476000,2024-05-01,0.74,0.56,323757000,549271000,172080000,0.6717260167347733,377191000
2024-06-30,4327375000,187072000,2024-07-31,0.86,0.62,314420000,474238000,238242000,0.5949748743718593,235996000
2024-09-30,4183138000,184578000,2024-10-30,0.54,0.61,303479000,667431000,336250000,0.608206828149559,331181000
2024-12-31,4346562000,157432000,2025-02-12,0.45,0.34,299447000,671555000,404017000,0.5257424519197054,267538000
2025-03-31,4277082000,148554000,2025-04-30,0.69,0.46,289096000,547079000,228041000,0.5138569886819603,319038000
2025-06-30,4404870000,48951000,2025-07-30,0.79,0.55,275615000,645870000,268442000,0.17760644377120258,377428000
2025-09-30,4250464000,-285255000,2025-10-29,0.24,0.41,272517000,681434000,275989000,-1.0467420381113839,405445000
