fiscalDateEnding,totalRevenue,netIncome,reportedDate,reportedEPS,estimatedEPS,commonStockSharesOutstanding,operatingCashflow,capitalExpenditures,eps_computed_simple,freeCashFlow
2005-09-30,1697634000,108652000,2005-10-19,1.61,1.61,67519000,173253000,51448000,1.6092062974866335,121805000
2005-12-31,1804551000,85712000,2006-02-23,1.59,1.5,67860000,233511000,96505000,1.26307102858827,137006000
2006-03-31,1925106000,71120000,2006-04-27,1.16,1.04,68079000,104526000,45632000,1.0446686937234684,58894000
2006-06-30,2058123000,119513000,2006-07-27,1.7,1.55,68067000,238181000,37027000,1.755814124318686,201154000
2006-09-30,2024019000,127708000,2006-10-26,1.8,1.79,68021000,203534000,41389000,1.877479013833963,162145000
2006-12-31,1898594000,129491000,2007-02-15,1.91,1.52,67704000,235804000,41721000,1.9126048682500296,194083000
2007-03-31,1863863000,90378000,2007-04-19,1.24,1.07,68255000,88767000,24956000,1.3241227748882867,63811000
2007-06-30,1977210000,115268000,2007-07-19,1.68,1.58,68533000,225685000,35428000,1.6819342506529702,190257000
2007-09-30,1937677000,122054000,2007-10-18,1.78,1.65,68597000,287385000,37448000,1.7792906395323411,249937000
2007-12-31,1807268000,379114000,2008-02-13,1.57,1.54,68281000,273240000,65244000,5.552261976245222,207996000
2008-03-31,1738097000,65390000,2008-04-17,0.95,0.9,68579000,-80179000,55971000,0.95349888449817,-136150000
2008-06-30,1840045000,88778000,2008-07-21,1.29,1.27,68617000,266871000,49839000,1.2938193159129663,217032000
2008-09-30,1763034000,-1484781000,2008-11-03,1.1,1.11,68411000,184837000,49512000,-21.70383417871395,135325000
2008-12-31,1485172000,-127615000,2009-02-23,-1.87,0.22,68400000,198505000,62502000,-1.865716374269006,136003000
2009-03-31,1208339000,-105887000,2009-04-23,-0.45,-0.85,68433000,37919000,27093000,-1.547309046804904,10826000
2009-06-30,1406012000,46261000,2009-07-30,0.79,0.47,68613000,228126000,25830000,0.674230830892105,202296000
2009-09-30,1382565000,34348000,2009-10-29,0.64,0.58,68653000,146549000,18358000,0.500313169125894,128191000
2009-12-31,1347108000,19779000,2010-02-25,0.56,0.34,68700000,259611000,37644000,0.28790393013100435,221967000
2010-03-31,1347236000,20538000,2010-04-29,0.35,0.18,68730000,-46192000,23309000,0.29882147533828024,-69501000
2010-06-30,1400086000,68081000,2010-08-05,0.77,0.71,68789000,135169000,23830000,0.9897076567474451,111339000
2010-09-30,1309552000,51094000,2010-11-04,0.74,0.77,68773000,121417000,39101000,0.742936908379742,82316000
2010-12-31,1262198000,45758000,2011-02-22,0.66,0.57,68800000,109318000,69940000,0.6650872093023256,39378000
2011-03-31,1343595000,23442000,2011-05-05,0.42,0.42,68904000,-67413000,52811000,0.34021246952281436,-120224000
2011-06-30,1477854000,60903000,2011-08-04,0.95,0.93,68981000,96003000,59708000,0.8828952900073933,36295000
2011-09-30,1442512000,46646000,2011-11-03,0.83,0.86,68954000,109598000,69741000,0.6764799721553499,39857000
2011-12-31,1378297000,42931000,2012-02-23,0.72,0.72,69000000,162805000,93313000,0.6221884057971014,69492000
2012-03-31,1409035000,40377000,2012-05-03,0.58,0.55,69141000,-44470000,43251000,0.5839805614613616,-87721000
2012-06-30,1469793000,73188000,2012-08-02,1.14,1.13,69259000,140046000,44436000,1.0567290893602275,95610000
2012-09-30,1473493000,70304000,2012-11-01,1.04,1.02,69337000,202971000,47311000,1.0139463778357876,155660000
2012-12-31,1435659000,66389000,2013-02-21,1.01,0.95,69536000,289043000,73296000,0.9547428670041418,215747000
2013-03-31,1486815000,50495000,2013-05-02,0.87,0.85,69897000,-38944000,63282000,0.7224201324806501,-102226000
2013-06-30,1976299000,84572000,2013-08-01,1.84,1.66,72867000,152858000,82815000,1.1606351297569544,70043000
2013-09-30,1961536000,119068000,2013-10-31,2.02,1.9,73087000,213059000,109426000,1.629126930917947,103633000
2013-12-31,1924104000,94651000,2014-02-20,1.79,1.74,73214000,198190000,111027000,1.2927991914114787,87163000
2014-03-31,1813095000,81081000,2014-05-01,1.23,1.17,73282000,-71006000,122081000,1.1064244971480035,-193087000
2014-06-30,2048247000,152750000,2014-07-31,2.21,2.2,73297000,168880000,127616000,2.0839870663192217,41264000
2014-09-30,1990658000,151266000,2014-10-30,2.44,2.42,73376000,225549000,141883000,2.061518752725687,83666000
2014-12-31,1951446000,146868000,2015-02-19,2.27,2.21,73452000,338765000,170224000,1.9995098840058814,168541000
2015-03-31,1881177000,22346000,2015-05-07,1.7,1.6,73530000,-49646000,105794000,0.3039031687746498,-155440000
2015-06-30,2041733000,186492000,2015-08-06,2.69,2.62,73756000,317165000,122628000,2.5284993763219266,194537000
2015-09-30,2150656000,214905000,2015-11-05,2.98,2.99,74438000,389433000,123648000,2.8870335043929174,265785000
2015-12-31,1997997000,191559000,2016-02-25,2.82,2.73,74475000,254921000,151587000,2.5721248741188316,103334000
2016-03-31,2172046000,171548000,2016-05-05,2.38,2.32,74490000,137760000,140833000,2.3029668411867363,-3073000
2016-06-30,2310336000,255188000,2016-08-04,3.47,3.37,74574000,411620000,136081000,3.4219433046370047,275539000
2016-09-30,2294139000,269878000,2016-11-03,3.5,3.46,74613000,435301000,183846000,3.6170372455202178,251455000
2016-12-31,2182566000,233748000,2017-02-09,3.26,3.22,74638000,342872000,211365000,3.1317559420134518,131507000
2017-03-31,2220645000,200554000,2017-04-27,2.72,2.72,74754000,165882000,201270000,2.682853091473366,-35388000
2017-06-30,2453038000,260681000,2017-07-27,3.72,3.6,74801000,247996000,224153000,3.4849935161294634,23843000
2017-09-30,2448510000,270025000,2017-10-26,3.75,3.74,74841000,460344000,229207000,3.60798225571545,231137000
2017-12-31,2369097000,240378000,2018-02-08,3.42,3.32,74915000,319373000,251368000,3.2086765000333712,68005000
2018-03-31,2412202000,208766000,2018-04-26,3.01,3.0,74929000,183228000,250936000,2.786184254427525,-67708000
2018-06-30,2577014000,196586000,2018-07-25,3.51,3.9,74937000,437758000,247418000,2.623350280902625,190340000
2018-09-30,2545800000,227013000,2018-10-25,3.29,3.58,74945000,273499000,144595000,3.0290613116285274,128904000
2018-12-31,2448618000,229339000,2019-02-07,2.53,2.49,74183000,286859000,151161000,3.0915304045401237,135698000
2019-03-31,2442490000,121585000,2019-04-25,2.13,2.08,72646000,170137000,136948000,1.6736640695977756,33189000
2019-06-30,2584485000,202441000,2019-07-25,2.89,2.87,72680000,396190000,144111000,2.7853742432581177,252079000
2019-09-30,2519185000,155518000,2019-10-24,2.75,2.64,72392000,411759000,124555000,2.1482760526024975,287204000
2019-12-31,2424512000,264667000,2020-02-13,2.25,2.2,71954000,440675000,139848000,3.6782805681407567,300827000
2020-03-31,2285763000,110514000,2020-05-04,1.66,1.66,71777000,194974000,115632000,1.5396854145478356,79342000
2020-06-30,2049800000,-48257000,2020-08-06,0.37,-0.09,71186000,568521000,80639000,-0.6779001489056837,487882000
2020-09-30,2574870000,205117000,2020-10-29,3.26,2.14,71378000,598499000,69143000,2.873672560172602,529356000
2020-12-31,2641764000,248222000,2021-02-11,3.54,2.87,71209000,407845000,160143000,3.4858234211967587,247702000
2021-03-31,2669026000,236807000,2021-04-29,3.49,2.81,70474000,259605000,114735000,3.3602037630899337,144870000
2021-06-30,2953833000,336285000,2021-07-29,4.45,3.68,69745000,338391000,112704000,4.821635959566994,225687000
2021-09-30,2817017000,270978000,2021-10-28,3.95,3.81,68864000,498739000,147740000,3.934973280669145,350999000
2021-12-31,2760737000,189089000,2022-02-10,2.95,2.87,67535000,212384000,300941000,2.7998667357666394,-88557000
2022-03-31,3015663000,245329000,2022-04-28,3.78,2.9,64970000,54954000,129470000,3.7760350931199014,-74516000
2022-06-30,3153188000,280431000,2022-07-28,4.41,4.29,63798000,147707000,150571000,4.39560801279037,-2864000
2022-09-30,2917539000,-533713000,2022-10-27,3.34,3.35,63534000,224774000,150043000,-8.400431265149368,74731000
2022-12-31,2650675000,33456000,2023-02-09,1.32,1.32,63792000,241718000,150658000,0.5244544770504138,91060000
2023-03-31,2806200000,80200000,2023-04-27,1.75,1.3,63846000,257276000,128493000,1.2561476051749523,128783000
2023-06-30,2950500000,101200000,2023-07-27,2.76,2.65,63900000,263596999,116652999,1.5837245696400626,146944000
2023-09-30,2766100000,-760459000,2023-10-26,2.72,2.65,63682000,512034000,127419000,-11.941506234100688,384615000
2023-12-31,2612278000,139488000,2024-02-08,1.96,1.86,63938000,290730000,240364000,2.18161343801808,50366000
2024-03-31,2679400000,105000000,2024-04-25,1.86,1.68,64000000,183700000,86800000,1.640625,96900000
2024-06-30,2801300000,157400000,2024-07-25,3.0,2.75,63900000,233600000,91400000,2.463223787167449,142200000
2024-09-30,2719000000,162000000,2024-10-24,2.9,2.89,63400000,319600000,115400000,2.555205047318612,204200000
2024-12-31,2637200000,93200000,2025-02-06,1.95,1.85,63200000,397000000,160800000,1.4746835443037976,236200000
2025-03-31,2525800000,72600000,2025-05-01,1.52,1.41,62900000,3700000,89100000,1.1542130365659777,-85400000
2025-06-30,2802100000,146400000,2025-07-24,2.77,2.61,62700000,206300000,80200000,2.334928229665072,126100000
2025-09-30,2757800000,108900000,2025-10-30,2.67,2.64,62600000,386600000,76300000,1.7396166134185302,310300000
