fiscalDateEnding,totalRevenue,netIncome,reportedDate,reportedEPS,estimatedEPS,commonStockSharesOutstanding,operatingCashflow,capitalExpenditures,eps_computed_simple,freeCashFlow
2005-09-30,105421454,20245368,2005-11-09,0.03,0.02,1168048416,17021725,444220,0.017332644539967426,16577505
2005-12-31,98009719,18440221,2006-03-09,0.03,0.03,1165067280,24751012,261695,0.015827601818840884,24489317
2006-03-31,119746000,21091000,2006-05-09,0.04,0.03,1207428000,23777723,547783,0.017467708219454908,23229940
2006-06-30,156037000,28200000,2006-08-07,0.05,0.05,1191468000,1017277,1421217,0.023668281481332272,-403940
2006-09-30,178647000,26457000,2006-11-09,0.06,0.05,593034000,39763000,1622000,0.04461295642408361,38141000
2006-12-31,151344000,22201000,2007-02-27,0.05,0.04,540354000,11856000,1310000,0.04108602878853492,10546000
2007-03-31,165853000,20198000,2007-06-19,0.04,0.04,1179612000,48031000,1447000,0.01712257928878309,46584000
2007-06-30,244763000,38311000,2007-08-08,0.07,0.06,1181460000,4099000,2533000,0.032426827823201804,1566000
2007-09-30,247211000,45797000,2007-11-08,0.08,0.08,1186740000,37972000,1777000,0.03859059271618046,36195000
2007-12-31,246639000,45100000,2008-02-28,0.08,0.06,1186488000,45349000,1271000,0.03801134103336907,44078000
2008-03-31,212178000,28811000,2008-05-07,0.05,0.06,1188084000,25928000,1209000,0.024249968857420857,24719000
2008-06-30,282244000,50232000,2008-08-07,0.09,0.09,1175952000,47195000,1402000,0.04271602922568268,45793000
2008-09-30,284986000,52437000,2008-11-06,0.09,0.09,1162992000,63102000,3210000,0.04508801436295348,59892000
2008-12-31,254372000,-23448000,2009-02-26,-0.04,0.07,1170360000,63271000,5251000,-0.020034861068389212,58020000
2009-03-31,244206000,41565000,2009-05-07,0.07,0.06,1143792000,-3708000,4014000,0.03633964916698141,-7722000
2009-06-30,300250000,57289000,2009-08-06,0.1,0.1,1143792000,34695000,8063000,0.05008690391259949,26632000
2009-09-30,307929000,56505000,2009-11-05,0.1,0.11,1136196000,92195000,7837000,0.049731736425757525,84358000
2009-12-31,290914000,53357000,2010-02-25,0.1,0.09,1135716000,33010000,8855000,0.04698093537468874,24155000
2010-03-31,238110000,32563000,2010-05-06,0.06,0.08,1116372000,68003000,4868000,0.029168592548003712,63135000
2010-06-30,365701000,63838000,2010-08-05,0.12,0.11,1115628000,58720000,5780000,0.05722158282151398,52940000
2010-09-30,381466000,66496000,2010-11-04,0.12,0.12,1114380000,44092000,6073000,0.05967084836411278,38019000
2010-12-31,318665000,49132000,2011-02-24,0.09,0.1,1116252000,58229000,5676000,0.044015150700737825,52553000
2011-03-31,356419000,55043000,2011-05-05,0.1,0.08,1123488000,23613000,8519000,0.048992957646187586,15094000
2011-06-30,462145000,84248000,2011-08-04,0.15,0.14,1123248000,100353000,7177000,0.07500391721151518,93176000
2011-09-30,474709000,82392000,2011-11-03,0.15,0.15,1119840000,109037000,8420000,0.07357479639948564,100617000
2011-12-31,409957000,64536000,2012-02-23,0.12,0.12,1120044000,100824000,6568000,0.05761916496137652,94256000
2012-03-31,454605000,76099000,2012-05-09,0.14,0.13,1111572000,36770000,15291000,0.06846070250060275,21479000
2012-06-30,592640000,109795000,2012-08-08,0.2,0.2,1117704000,73299000,7092000,0.09823262688511449,66207000
2012-09-30,541940000,86142000,2012-11-07,0.16,0.18,1103394000,107980000,7920000,0.07807002756948107,100060000
2012-12-31,471517000,67983000,2013-02-27,0.13,0.14,1056672000,69627000,18933000,0.0643368992459344,50694000
2013-03-31,484223000,63496000,2013-05-08,0.14,0.15,1035354000,45893000,12094000,0.06132781637971167,33799000
2013-06-30,630934000,106873000,2013-08-08,0.22,0.21,1040100000,53827000,15504000,0.10275261994039035,38323000
2013-09-30,590422000,92187000,2013-11-07,0.18,0.19,1043688000,176114000,14015000,0.08832812104766942,162099000
2013-12-31,540849000,76106000,2014-02-27,0.15,0.15,1040208000,66199000,10324000,0.07316421331118392,55875000
2014-03-31,536129000,95250000,2014-05-08,0.18,0.16,1042446000,136402000,9871000,0.09137163939427079,126531000
2014-06-30,687199000,141003000,2014-08-07,0.27,0.25,1043784000,122575000,6031000,0.13508829412981996,116544000
2014-09-30,635972000,121600000,2014-11-06,0.23,0.22,1045620000,148072000,5163000,0.11629463858763221,142909000
2014-12-31,605566000,125331000,2015-02-26,0.24,0.2,1049592000,178518000,10298000,0.11940925616811104,168220000
2015-03-31,626791000,4414000,2015-05-07,0.21,0.23,1042668000,-81755000,6239000,0.004233370545561962,-87994000
2015-06-30,693722000,229004000,2015-08-06,0.26,0.3,1088502000,-57780000,13154000,0.2103845468359268,-70934000
2015-09-30,756619000,174574000,2015-11-05,0.29,0.27,1248564000,187355000,11586000,0.1398198250149772,175769000
2015-12-31,645433000,138742000,2016-02-25,0.23,0.27,1234788000,160166000,11514000,0.1123609882830089,148652000
2016-03-31,680186000,163877000,2016-04-29,0.27,0.25,1241448000,109559000,10547000,0.13200472351640988,99012000
2016-06-30,827488000,184219000,2016-08-04,0.33,0.34,1229808000,137996000,12147000,0.14979492733825117,125849000
2016-09-30,787954000,191643000,2016-11-03,0.34,0.37,1166586000,173147000,49088000,0.16427678713785354,124059000
2016-12-31,753765000,172947000,2017-03-01,0.36,0.3,1161038000,280653000,33555000,0.1489589488027093,247098000
2017-03-31,742146000,177980000,2017-05-04,0.32,0.32,1164064000,192964000,19941000,0.15289537345025703,173023000
2017-06-30,907068000,222633000,2017-08-08,0.39,0.4,1156040000,340258000,20536000,0.1925824365938895,319722000
2017-09-30,909476000,218744000,2017-11-08,0.4,0.4,1156736000,256835000,32398000,0.18910451477260154,224437000
2017-12-31,810355000,201322000,2018-02-28,0.28,0.37,1150072000,197674000,20253000,0.17505164894024025,177421000
2018-03-31,850921000,216050000,2018-05-08,0.39,0.39,1148258000,148911000,13049000,0.18815457850065054,135862000
2018-06-30,1015873000,270116000,2018-08-08,0.48,0.47,1132704000,352389000,21612000,0.23847006808486595,330777000
2018-09-30,1016160000,267733000,2018-11-07,0.5,0.46,1119910000,320060000,21476000,0.23906653213204632,298584000
2018-12-31,924230000,239107000,2019-02-27,0.43,0.4,1113332000,340521000,18788000,0.21476702367308223,321733000
2019-03-31,945991000,261485000,2019-05-02,0.5,0.42,1096546000,123396000,8485000,0.2384624083257793,114911000
2019-06-30,1104045000,292473000,2019-08-07,0.53,0.56,1096436000,331389000,12592000,0.2667488116041429,318797000
2019-09-30,1133577000,298923000,2019-11-07,0.55,0.54,1096844000,366284000,28793000,0.2725300954374551,337491000
2019-12-31,1017206000,254954000,2020-02-27,0.49,0.47,1082490000,292693000,60528000,0.23552550139031309,232165000
2020-03-31,1062097000,278835000,2020-05-07,0.54,0.48,1081036000,191132000,17930000,0.25793313081155483,173202000
2020-06-30,1093896000,311369000,2020-08-04,0.59,0.49,1062382000,249326000,24271000,0.2930857262265362,225055000
2020-09-30,1246362000,347654000,2020-11-05,0.67,0.63,1066526000,508778000,45775000,0.3259686121107221,463003000
2020-12-31,1196283000,471736000,2021-02-25,0.88,0.57,1068398000,414927000,6660000,0.4415358321524376,408267000
2021-03-31,1243816000,315194000,2021-05-06,0.59,0.61,1069964000,175473000,15639000,0.2945837430044375,159834000
2021-06-30,1461934000,403762000,2021-08-05,0.75,0.68,1071114000,411113000,9809000,0.37695520738222077,401304000
2021-09-30,1410557000,337205000,2021-11-04,0.63,0.67,1071830000,341396000,7894000,0.3146067939878526,333502000
2021-12-31,1425044000,321314000,2022-02-24,0.6,0.61,1071494000,227759000,24111000,0.29987475431500316,203648000
2022-03-31,1518574000,294203000,2022-05-05,0.55,0.61,1071108000,-351000,29930000,0.2746716484238751,-30281000
2022-06-30,1655260000,273360000,2022-08-04,0.51,0.7,1069622000,131014000,79410000,0.255566919902545,51604000
2022-09-30,1624286000,322387000,2022-11-03,0.6,0.59,1066600000,458523000,30396000,0.3022567035439715,428127000
2022-12-31,1512931000,301674000,2023-02-28,0.57,0.63,1058310000,298513000,72417000,0.285052583836494,226096000
2023-03-31,1698930000,397444000,2023-05-04,0.38,0.34,1059069000,424475000,44052000,0.3752767761118492,380423000
2023-06-30,1854961000,413871000,2023-08-03,0.39,0.39,1060093000,338687000,44299000,0.39041008666220794,294388000
2023-09-30,1856028000,452694000,2023-11-02,0.43,0.4,1059966000,520264000,30983000,0.4270835102257997,489281000
2023-12-31,1730108000,366979000,2024-02-28,0.38,0.38,1052524000,434327000,115390000,0.34866568363286726,318937000
2024-03-31,1899098000,442049000,2024-05-02,0.42,0.43,1051281999,412142000,74656000,0.420485655057811,337486000
2024-06-30,1900597000,425369000,2024-08-07,0.41,0.45,1037377999,436291000,57520000,0.41004243430074905,378771000
2024-09-30,1880973000,370919000,2024-11-07,0.38,0.43,983171000,618399000,62092000,0.37726804391097785,556307000
2024-12-31,1812041000,270711000,2025-02-27,0.28,0.4093,980942000,461701000,112166000,0.27597044473577437,349535000
2025-03-31,1854558000,442993000,2025-06-13,0.45,0.43,981282000,507600000,29056000,0.45144311217366667,478544000
2025-06-30,2111593000,488794000,2025-08-07,0.52,0.48,983997000,466016000,31404000,0.4967433843802369,434612000
2025-09-30,2197139000,524455000,2025-11-06,0.53,0.479,984966000,745146000,43641000,0.532460003695559,701505000
