fiscalDateEnding,totalRevenue,netIncome,reportedDate,reportedEPS,estimatedEPS,commonStockSharesOutstanding,operatingCashflow,capitalExpenditures,eps_computed_simple,freeCashFlow
2005-09-30,220611000,-4804000,2005-10-26,0.01,,68849000,62984000,6665000,-0.06977588636000523,56319000
2005-12-31,154493000,-18664000,2006-01-25,-0.22,-0.23,69239000,11373000,8538000,-0.2695590635335577,2835000
2006-03-31,302445000,22861000,2006-04-26,0.33,0.35,70143000,-94365000,7576000,0.3259199064767689,-101941000
2006-06-30,341815000,22539000,2006-07-26,0.38,0.45,68577000,48427000,12887000,0.32866704580252853,35540000
2006-09-30,193763000,-11916000,2006-11-01,-0.16,-0.15,67000000,74832000,8088000,-0.1778507462686567,66744000
2006-12-31,179884000,-10194000,2007-02-08,-0.13,-0.13,68503000,-11607000,3902000,-0.14881100097805935,-15509000
2007-03-31,334607000,32836000,2007-05-03,0.49,0.46,68318000,-77346000,7987000,0.4806346790011417,-85333000
2007-06-30,380017000,36639000,2007-08-01,0.55,0.54,69274000,110149000,10452000,0.528899731500996,99697000
2007-09-30,235549000,1269000,2007-11-01,0.06,0.02,67639000,113039000,5691000,0.018761365484409882,107348000
2007-12-31,174418000,-16157000,2008-01-31,-0.24,-0.19,67484000,6140000,8800000,-0.23941971430264952,-2660000
2008-03-31,366452000,39666000,2008-05-01,0.62,0.6,64843000,-121381000,11732000,0.6117237018645035,-133113000
2008-06-30,366029000,37107000,2008-07-30,0.63,0.62,63941000,73335000,12481000,0.5803318684412192,60854000
2008-09-30,213451000,-7443000,2008-10-30,-0.08,-0.09,62494000,108388000,9293000,-0.11909943354562037,99095000
2008-12-31,171272000,-3154000,2009-01-27,-0.24,-0.23,63798000,-18637000,17499000,-0.04943728643531145,-36136000
2009-03-31,271864000,6812000,2009-04-30,0.12,0.12,63320000,-65687000,10046000,0.10758054327226785,-75733000
2009-06-30,302219000,5598000,2009-07-29,0.12,0.12,66807000,56619000,9402000,0.08379361444160043,47217000
2009-09-30,190864000,-13429000,2009-10-29,-0.24,-0.24,63240000,66444000,10334000,-0.21234977862112586,56110000
2009-12-31,185852000,-15555000,2010-01-26,-0.27,-0.28,63176000,-14505000,9063000,-0.24621691781689248,-23568000
2010-03-31,302875000,17678000,2010-04-29,0.25,0.25,83926000,-59087000,4149000,0.21063794294974145,-63236000
2010-06-30,303609000,8840000,2010-07-28,0.15,0.14,84259000,49355000,3400000,0.1049146085284658,45955000
2010-09-30,175644000,-18317000,2010-10-26,-0.28,-0.17,63989000,65615000,7806000,-0.28625232461829375,57809000
2010-12-31,185528000,-32255000,2011-01-25,-0.49,-0.26,63902000,-46251000,6861000,-0.5047572845920315,-53112000
2011-03-31,285599000,10193000,2011-04-28,0.15,0.25,84719000,-39374000,6918000,0.1203153956019311,-46292000
2011-06-30,273814000,-63564000,2011-07-26,-0.01,-0.02,64425000,13941000,7171000,-0.9866356228172294,6770000
2011-09-30,173243000,-62587000,2011-10-27,-0.37,-0.23,64781000,47293000,7065000,-0.9661320448897053,40228000
2011-12-31,153872000,-62985000,2012-01-25,-0.41,-0.4,64887000,-11762000,7777000,-0.9706875028896389,-19539000
2012-03-31,285098000,29177000,2012-04-26,0.18,0.22,84930000,-92406000,8687000,0.343541740256682,-101093000
2012-06-30,281123000,2799000,2012-07-26,0.05,0.05,65112000,1126000,5428000,0.04298746774788058,-4302000
2012-09-30,147906000,-86798000,2012-10-25,-0.5,-0.41,67162000,62029000,1886000,-1.2923677079300795,60143000
2012-12-31,117881000,-72006000,2013-01-30,-0.49,-0.49,70996000,443000,2402000,-1.0142261535861175,-1959000
2013-03-31,287756000,40877000,2013-04-25,0.33,0.21,92197000,-100560000,3145000,0.4433658361985748,-103705000
2013-06-30,249646000,9288000,2013-07-25,0.12,0.11,86349000,33520000,2859000,0.10756349233922802,30661000
2013-09-30,178229000,-21153000,2013-10-24,-0.18,-0.28,72649000,74598000,2916000,-0.29116711861140554,71682000
2013-12-31,127170000,-49499000,2014-01-29,-0.34,-0.32,76358000,-16507000,4118000,-0.6482490374289531,-20625000
2014-03-31,351874000,55312000,2014-04-23,0.61,0.45,93172000,-124798000,4048000,0.5936547460610484,-128846000
2014-06-30,231893000,3369000,2014-07-24,0.04,0.06,78560000,93463000,2190000,0.042884419551934824,91273000
2014-09-30,168572000,-1134000,2014-10-23,-0.01,-0.27,77646000,69677000,2565000,-0.014604744610153774,67112000
2014-12-31,134606000,-41539000,2015-01-29,-0.54,-0.56,77582000,-1462000,1950000,-0.5354205872496197,-3412000
2015-03-31,284179000,35819000,2015-04-23,0.39,0.28,93896000,-90348000,2393000,0.381475249211894,-92741000
2015-06-30,230504000,12818000,2015-07-29,0.15,0.1,94913000,57681000,3519000,0.13504999315162305,54162000
2015-09-30,175780000,-3617000,2015-10-21,-0.04,-0.08,83875000,61057000,2601000,-0.043123695976154994,58456000
2015-12-31,153331000,-30452000,2016-02-04,-0.33,-0.35,92272000,2191000,5856000,-0.33002427605340734,-3665000
2016-03-31,274053000,38390000,2016-04-27,0.4,0.38,95424000,-71459000,4963000,0.4023096914822267,-76422000
2016-06-30,245594000,34105000,2016-07-27,0.18,0.3,95893000,89220000,2524000,0.355656825837131,86696000
2016-09-30,187850000,-5866000,2016-11-03,-0.06,-0.12,94081000,67860000,4676000,-0.06235052773673749,63184000
2016-12-31,163695000,123271000,2017-02-02,-0.18,-0.19,96316000,-7911000,3989000,1.2798600440217618,-11900000
2017-03-31,308927000,25880000,2017-05-04,0.3,0.22,95948000,-62805000,6301000,0.2697294367782549,-69106000
2017-06-30,304548000,31474000,2017-08-03,0.34,0.28,96197000,89129000,5885000,0.3271827603771427,83244000
2017-09-30,243604000,3060000,2017-10-25,0.05,-0.04,96879000,84461000,4660000,0.031585792586628685,79801000
2017-12-31,191657000,-19386000,2018-02-07,-0.15,-0.16,94573000,6914000,9357000,-0.2049845093208421,-2443000
2018-03-31,403191000,62731000,2018-04-26,0.65,0.51,97038000,-109274000,7964000,0.6464580885838538,-117238000
2018-06-30,396311000,60934000,2018-08-02,0.63,0.47,96928000,114361000,9143000,0.6286521954440409,105218000
2018-09-30,262654000,9517000,2018-10-24,0.1,0.01,97320000,115812000,8996000,0.0977907932593506,106816000
2018-12-31,180678000,-28499000,2019-02-06,-0.32,-0.32,94505000,-28617000,10722000,-0.3015607639807418,-39339000
2019-03-31,516197000,48647000,2019-05-09,0.5,0.48,96419000,-120604000,11304000,0.5045374874246777,-131908000
2019-06-30,446708000,28931000,2019-08-08,0.37,0.25,95891000,69845000,12099000,0.3017071466560991,57746000
2019-09-30,426217000,31048000,2019-10-30,0.36,0.25,96287000,114612000,13440000,0.32245266754598234,101172000
2019-12-31,311941000,-29218000,2020-02-10,-0.26,-0.23,94154000,31144000,17859000,-0.3103213883637445,13285000
2020-03-31,442276000,28894000,2020-05-07,0.32,0.34,95676000,-93682000,16953000,0.3019984113048204,-110635000
2020-06-30,296996000,-167684000,2020-08-06,0.06,-0.02,94141000,73361000,8144000,-1.7812005396161077,65217000
2020-09-30,475559000,52432000,2020-11-09,0.6,0.38,96612000,142872000,5814000,0.5427069101146855,137058000
2020-12-31,374629000,-40576000,2021-02-10,-0.33,-0.19,94185000,105687000,8351000,-0.4308117003769178,97336000
2021-03-31,651600000,272500000,2021-05-10,0.62,0.14,124600000,-78616000,28821000,2.1869983948635636,-107437000
2021-06-30,913600000,91700000,2021-08-09,0.36,0.01,194300000,179100000,92000000,0.471950591868245,87100000
2021-09-30,856500000,-16000000,2021-11-09,0.14,0.09,186000000,146337000,78063000,-0.08602150537634409,68274000
2021-12-31,711724000,-26226000,2022-02-10,-0.19,-0.28,185971000,31453000,123378000,-0.14102198729909501,-91925000
2022-03-31,1040200000,86700000,2022-05-10,0.36,0.24,200800000,-185300000,124300000,0.43177290836653387,-309600000
2022-06-30,1115700000,105400000,2022-08-05,0.47,0.43,200600000,137200000,118700000,0.5254237288135594,18500000
2022-09-30,988500000,38500000,2022-11-03,0.23,0.18,201800000,82700000,110400000,0.19078295341922696,-27700000
2022-12-31,851300000,-72700000,2023-02-09,-0.27,-0.16,184900000,-69700000,178900000,-0.3931855056787453,-248600000
2023-03-31,1167400000,25000000,2023-05-09,0.17,0.16,201500000,-152100000,121400000,0.12406947890818859,-273500000
2023-06-30,1179700000,117400000,2023-08-08,0.59,0.34,201300000,130300000,141200000,0.5832091405861898,-10900000
2023-09-30,1040600000,29700000,2023-11-08,0.2,0.12,201200000,249500000,126200000,0.14761431411530815,123300000
2023-12-31,897100000,-77100000,2024-02-13,-0.3,-0.33,184400000,137000000,93300000,-0.4181127982646421,43700000
2024-03-31,1144200000,6500000,2024-05-08,0.09,0.01,184400000,-73300000,65400000,0.03524945770065076,-138700000
2024-06-30,1157800000,62100000,2024-08-07,0.42,0.27,199600000,224700000,83900000,0.31112224448897796,140800000
2024-09-30,1012900000,-3600000,2024-11-12,0.02,-0.16,183800000,187300000,79600000,-0.01958650707290533,107700000
2024-12-31,924400000,-1512700000,2025-02-24,-0.33,-0.42,183700000,43300000,68300000,-8.23462166575939,-25000000
2025-03-31,1092300000,2100000,2025-05-12,0.01,-0.06,183500000,-85200000,69900000,0.011444141689373298,-155100000
2025-06-30,1110500000,20300000,2025-08-06,0.11,0.03,185100000,126900000,74400000,0.10967044840626688,52500000
2025-09-30,934000000,-14700000,2025-11-10,-0.05,-0.22,183900000,228400000,66300000,-0.0799347471451876,162100000
