fiscalDateEnding,totalRevenue,netIncome,reportedDate,reportedEPS,estimatedEPS,commonStockSharesOutstanding,operatingCashflow,capitalExpenditures,eps_computed_simple,freeCashFlow
2005-09-30,29706000,3985000,2005-10-26,0.17,0.1,30642000,7943000,201000,0.13005025781606944,7742000
2005-12-31,32531000,9257000,2006-03-28,0.15,0.13,30642000,5494000,194000,0.3021016904901769,5300000
2006-03-31,24763000,-408000,2006-05-01,0.07,0.04,28816000,2548000,2634000,-0.014158800666296502,-86000
2006-06-30,26601000,1059000,2006-08-02,0.12,0.1,33604000,-5404000,3156000,0.031514105463635284,-8560000
2006-09-30,27255000,-1872000,2006-10-30,0.12,0.1,29736000,10548000,535000,-0.06295399515738499,10013000
2006-12-31,26396000,-1642000,2007-02-12,0.13,0.06,30482000,4127000,1149000,-0.05386785643986615,2978000
2007-03-31,24496000,62000,2007-04-27,0.8,0.05,30482000,5680000,1182000,0.002033987271176432,4498000
2007-06-30,30833000,-6374000,2007-07-31,0.12,0.1,31382000,3022000,1894000,-0.20311006309349308,1128000
2007-09-30,40188000,8993000,2007-10-30,0.27,0.23,35953000,3885000,1571000,0.25013211693043697,2314000
2007-12-31,38487000,7335000,2008-02-05,0.26,0.23,33340000,11757000,2006000,0.22000599880023997,9751000
2008-03-31,35409000,5935000,2008-05-12,0.21,0.2,35891000,5898000,988000,0.16536178986375413,4910000
2008-06-30,41502000,4600000,2008-07-31,0.2,0.2,36232000,9491000,1459000,0.12695959372930007,8032000
2008-09-30,48891000,10457000,2008-10-23,0.33,0.32,36602000,3473000,1176000,0.2856947707775531,2297000
2008-12-31,34709000,3234000,2009-02-12,0.16,0.12,33696000,20728000,1610000,0.09597578347578348,19118000
2009-03-31,29322000,-728000,2009-04-28,0.06,0.03,33696000,420000,859000,-0.021604938271604937,-439000
2009-06-30,41173000,3186000,2009-07-30,0.17,0.14,36389000,11015000,2233000,0.08755393113303471,8782000
2009-09-30,47966000,12562000,2009-10-22,0.24,0.23,37247000,4195000,4236000,0.3372620613740704,-41000
2009-12-31,46547000,4654000,2010-02-04,0.2,0.19,35421000,16134000,2936000,0.13139098275034583,13198000
2010-03-31,50250000,6356000,2010-04-29,0.26,0.23,37783000,8233000,3570000,0.16822380435645662,4663000
2010-06-30,55690000,6407000,2010-07-28,0.31,0.29,38355000,14518000,9183000,0.16704471385738495,5335000
2010-09-30,65843000,13219000,2010-11-03,0.43,0.42,37727000,15500000,5819000,0.3503856654385453,9681000
2010-12-31,47057000,3581000,2011-02-03,0.18,0.14,35024000,10243000,4207000,0.10224417542256738,6036000
2011-03-31,44468000,1893000,2011-04-28,0.13,0.11,36105000,8230000,3056000,0.05243041130037391,5174000
2011-06-30,51628000,3482000,2011-08-02,0.21,0.19,34903000,13284000,2215000,0.09976219809185456,11069000
2011-09-30,52962000,5473000,2011-10-27,0.23,0.21,34240000,8905000,13524000,0.15984228971962616,-4619000
2011-12-31,47461000,2453000,2012-02-09,0.15,0.11,34105000,13266000,2227000,0.07192493769242046,11039000
2012-03-31,50484000,2995000,2012-04-30,0.17,0.13,35538000,6219000,4875000,0.08427598626821993,1344000
2012-06-30,58607000,6592000,2012-07-30,0.28,0.25,35997000,6073000,8309000,0.1831263716420813,-2236000
2012-09-30,56508000,5921000,2012-11-01,0.27,0.26,36438000,1158000,6010000,0.16249519732147757,-4852000
2012-12-31,48214000,248000,2013-02-06,0.21,0.2,36763000,11462000,1865000,0.0067459130103636805,9597000
2013-03-31,51470000,2499000,2013-04-29,0.17,0.16,37708000,6704000,3435000,0.06627240903786995,3269000
2013-06-30,57714000,5489000,2013-08-06,0.24,0.23,38239000,15513000,7366000,0.14354454875912026,8147000
2013-09-30,65347000,7410000,2013-10-24,0.33,0.32,39009000,8021000,4623000,0.18995616396216258,3398000
2013-12-31,63560000,7499000,2014-02-06,0.32,0.31,39524000,30448000,340000,0.18973282056472018,30108000
2014-03-31,60061000,9018000,2014-04-24,0.39,0.26,39517000,11985000,4516000,0.2282055824075714,7469000
2014-06-30,68436000,6397000,2014-07-24,0.37,0.35,39608000,25603000,1442000,0.1615077762068269,24161000
2014-09-30,78335000,11221000,2014-10-27,0.46,0.46,39727000,16009000,1772000,0.28245273995015985,14237000
2014-12-31,75703000,8860000,2015-02-04,0.43,0.42,40321000,20536000,1781000,0.21973661367525607,18755000
2015-03-31,73538000,5963000,2015-04-22,0.37,0.36,40596000,15681000,4703000,0.14688639274805398,10978000
2015-06-30,81416000,7899000,2015-07-27,0.46,0.45,40745000,7668000,1952000,0.19386427782550006,5716000
2015-09-30,91194000,11201000,2015-10-26,0.55,0.54,40689000,22050000,1755000,0.2752832460861658,20295000
2015-12-31,86918000,10109000,2016-02-04,0.51,0.49,41445000,24337000,7614000,0.24391362046085174,16723000
2016-03-31,84512000,10575000,2016-05-02,0.45,0.44,41646000,28870000,5346000,0.25392594726984585,23524000
2016-06-30,94079000,11198000,2016-07-25,0.54,0.54,41716000,14998000,13332000,0.26843417393805735,1666000
2016-09-30,106456000,14373000,2016-10-31,0.66,0.65,41895000,32919000,10358000,0.3430719656283566,22561000
2016-12-31,103618000,16574000,2017-02-09,0.65,0.63,42404000,30999000,8076000,0.3908593528912367,22923000
2017-03-31,100362000,14477000,2017-04-26,0.58,0.57,43268000,21892000,3424000,0.33458907275584726,18468000
2017-06-30,112198000,15014000,2017-07-26,0.68,0.67,43397000,24878000,17104000,0.34596861534207435,7774000
2017-09-30,128939000,23642000,2017-10-26,0.84,0.82,43486000,33678000,4580000,0.5436692268776158,29098000
2017-12-31,129430000,12071000,2018-02-08,0.82,0.8,44160000,53373000,40665000,0.2733469202898551,12708000
2018-03-31,129150000,21856000,2018-04-30,0.79,0.77,44282000,16292000,7400000,0.49356397633349897,8892000
2018-06-30,139761000,24206000,2018-07-25,0.9,0.9,44400000,25418000,5598000,0.5451801801801802,19820000
2018-09-30,159975000,31568000,2018-10-25,1.06,1.05,44669000,52151000,5059000,0.7067093510040521,47092000
2018-12-31,153497000,27638000,2019-02-12,0.99,0.98,45058000,47590000,4469000,0.6133871898442008,43121000
2019-03-31,141363000,26181000,2019-05-02,0.84,0.84,45232000,38836000,59357000,0.5788158825610188,-20521000
2019-06-30,151007000,20693000,2019-07-31,0.92,0.92,45483000,44057000,19262000,0.454961194292373,24795000
2019-09-30,168813000,29528000,2019-10-22,1.08,1.06,45833000,72424000,9491000,0.6442519581960596,62933000
2019-12-31,166738000,32437000,2020-02-05,1.04,1.03,46503000,60986000,8677000,0.6975248908672559,52309000
2020-03-31,165778000,35756000,2020-04-28,0.95,0.94,46670000,51419000,9952000,0.7661452753374759,41467000
2020-06-30,186209000,30167000,2020-07-28,1.08,1.0,46831000,59330000,14584000,0.6441673250624587,44746000
2020-09-30,259422000,55566000,2020-10-29,1.69,1.68,46955000,77406000,19622000,1.1833883505483973,57784000
2020-12-31,233043000,42887000,2021-02-04,1.31,1.24,47600000,79648000,11481000,0.9009873949579832,68167000
2021-03-31,254455000,45413000,2021-05-04,1.46,1.34,47711000,77057000,18970000,0.9518350066022511,58087000
2021-06-30,293317000,55169000,2021-07-27,1.81,1.69,47754000,96946000,39298000,1.1552749507894626,57648000
2021-09-30,323522000,68770000,2021-10-28,2.06,2.0,47852000,117801000,19374000,1.4371395134999583,98427000
2021-12-31,336504000,72671000,2022-02-10,2.12,1.88,48240000,28206000,17596000,1.5064469320066336,10610000
2022-03-31,377714000,79566000,2022-05-02,2.45,2.26,48250000,107419000,26877000,1.6490362694300518,80542000
2022-06-30,461004000,114679000,2022-08-01,3.25,2.95,48286000,105237000,11844000,2.374994822515843,93393000
2022-09-30,495418000,124337000,2022-10-27,3.53,3.5,48349000,-18185000,7281000,2.5716560838900495,-25466000
2022-12-31,460012000,119090000,2023-02-08,3.17,3.15,48549000,52203000,12841000,2.4529856433706154,39362000
2023-03-31,451065000,109802000,2023-05-04,3.0,2.96,48655000,218807000,8854000,2.2567464803206247,209953000
2023-06-30,441128000,99504000,2023-07-31,2.82,2.8,48756000,90185000,7827000,2.040856509968004,82358000
2023-09-30,474867000,121163000,2023-10-30,3.08,3.07,48792000,175908000,27091000,2.483255451713396,148817000
2023-12-31,454012000,96905000,2024-02-07,2.88,2.85,48881000,153313000,13806000,1.9824676254577442,139507000
2024-03-31,457885000,92541000,2024-05-01,2.81,2.66,48928000,248051000,15991000,1.8913709941138,232060000
2024-06-30,507431000,100366000,2024-08-01,3.17,3.07,48945000,140975000,31507000,2.050587394013689,109468000
2024-09-30,620119000,144430000,2024-10-30,4.06,3.97,48964000,231703000,33818000,2.949718160281023,197885000
2024-12-31,621665000,1449363000,2025-02-06,4.09,3.98,48506000,167681000,64802000,29.880076691543316,102879000
2025-03-31,637554000,133791000,2025-05-01,4.04,4.0,48006000,256387000,40342000,2.7869641294838146,216045000
2025-06-30,664574000,133726000,2025-07-31,4.21,4.12,48012000,237637000,50143000,2.785262017828876,187494000
2025-09-30,737176000,178274000,2025-10-30,4.73,4.62,48042000,239268000,40515000,3.710794721285542,198753000
