fiscalDateEnding,totalRevenue,netIncome,reportedDate,reportedEPS,estimatedEPS,commonStockSharesOutstanding,operatingCashflow,capitalExpenditures,eps_computed_simple,freeCashFlow
2005-09-30,66901000,3072000,2005-10-20,0.27,0.2,25628000,17700000,2557000,0.11986889339784611,15143000
2005-12-31,62501000,1233000,2006-01-26,0.18,0.1,21376000,2643000,2842000,0.05768151197604791,-199000
2006-03-31,44478000,-14132000,2006-04-27,-0.36,-0.29,20961000,5370000,4970000,-0.6742044749773388,400000
2006-06-30,62238000,-6341000,2006-07-27,0.18,0.09,21126000,-3660000,3033000,-0.300151472119663,-6693000
2006-09-30,48947000,-11653000,2006-10-26,-0.17,-0.13,21126000,-5437000,2531000,-0.5515951907602007,-7968000
2006-12-31,57920000,-1035000,2007-01-25,0.01,-0.23,21174000,-5309000,1644000,-0.04888070274865401,-6953000
2007-03-31,57347000,-5414000,2007-04-26,-0.11,-0.17,21255000,-6612000,2221000,-0.2547165372853446,-8833000
2007-06-30,59491000,-19718000,2007-07-26,-0.02,-0.03,21474000,7045000,1818000,-0.9182266927447146,5227000
2007-09-30,49181000,-3308000,2007-10-24,-0.15,-0.09,21474000,3962000,766000,-0.1540467542143988,3196000
2007-12-31,52642000,-6087000,2008-01-23,-0.28,-0.05,21607000,-2291000,968000,-0.2817142592678299,-3259000
2008-03-31,56514000,-5639000,2008-04-23,-0.26,-0.01,21689000,9590000,1282000,-0.25999354511503525,8308000
2008-06-30,51565000,-20379000,2008-07-30,-0.9,-0.23,22009000,2465000,1609000,-0.9259393884320051,856000
2008-09-30,49099000,-1304000,2008-10-22,-0.05,-0.03,22009000,2636000,1111000,-0.05924848925439593,1525000
2008-12-31,50725000,-17064000,2009-01-27,-0.77,-0.14,22121000,2734000,1108000,-0.7713936982957371,1626000
2009-03-31,50563000,8150000,2009-04-28,0.21,,22486000,2486000,969000,0.36244774526371965,1517000
2009-06-30,48442000,8956000,2009-08-04,0.14,0.07,22400000,3343000,1172000,0.39982142857142855,2171000
2009-09-30,47431000,4358000,2009-10-27,0.19,0.06,22741000,2607000,875000,0.1916362517039708,1732000
2009-12-31,45158000,2520000,2010-01-26,0.08,-0.06,22870000,5167000,2050000,0.11018801923917797,3117000
2010-03-31,43603000,3276000,2010-04-27,0.16,-0.12,23152000,4521000,2206000,0.14149965445749826,2315000
2010-06-30,63638000,18653000,2010-08-03,0.41,0.27,22944000,3413000,2453000,0.8129794281729428,960000
2010-09-30,52108000,3630000,2010-10-26,0.16,0.05,23411000,9350000,2153000,0.15505531587715177,7197000
2010-12-31,55513000,5183000,2011-01-25,0.22,0.19,23998000,8103000,3620000,0.21597633136094674,4483000
2011-03-31,59855000,5378000,2011-04-26,0.2,0.15,27324000,5392000,1938000,0.1968233055189577,3454000
2011-06-30,61234000,4251000,2011-08-02,0.13,0.13,29277000,8629000,3489000,0.14519930320729582,5140000
2011-09-30,49122000,2653000,2011-10-25,0.09,0.12,30033000,4216000,1666000,0.08833616355342457,2550000
2011-12-31,67959000,9045000,2012-01-24,0.29,0.25,29969000,11031000,1925000,0.30181187226801026,9106000
2012-03-31,66989000,5245000,2012-04-24,0.17,0.1,30168000,12440000,2897000,0.1738597189074516,9543000
2012-06-30,60859000,5676000,2012-07-31,0.1,0.09,30168000,4182000,2989000,0.18814638027048528,1193000
2012-09-30,49428000,-7200000,2012-10-23,-0.12,-0.26,29883000,-9949000,980000,-0.24093966469229997,-10929000
2012-12-31,49804000,-4784000,2013-01-29,-0.16,-0.2,30107000,1559000,746000,-0.15889992360580596,813000
2013-03-31,54123000,788000,2013-04-30,0.03,-0.04,30410000,1697000,533000,0.025912528773429793,1164000
2013-06-30,55436000,-2012000,2013-08-06,-0.07,-0.07,30287000,4822000,1621000,-0.06643114207415723,3201000
2013-09-30,53940000,-2256000,2013-10-29,-0.07,-0.1,30653000,2173000,1108000,-0.07359801650735653,1065000
2013-12-31,53090000,-1045000,2014-01-28,-0.03,-0.07,30988000,7358000,2826000,-0.03372273137988899,4532000
2014-03-31,55500000,-578000,2014-04-29,-0.02,-0.12,31156000,2201000,1133000,-0.018551803825908333,1068000
2014-06-30,53678000,-7546000,2014-08-05,-0.02,-0.04,31208000,2509000,1634000,-0.24179697513458087,875000
2014-09-30,54061000,499000,2014-10-28,0.02,-0.02,32481000,2178000,905000,0.015362827499153351,1273000
2014-12-31,57089000,265000,2015-01-27,0.08,0.04,32686000,8229000,1218000,0.008107446613228906,7011000
2015-03-31,59578000,3675000,2015-04-28,0.14,0.13,33233000,9113000,1344000,0.11058285439171907,7769000
2015-06-30,64119000,5930000,2015-08-04,0.18,0.12,33330000,12687000,2517000,0.1779177917791779,10170000
2015-09-30,58409000,1960000,2015-10-27,0.06,0.07,33616000,5613000,1867000,0.05830556877677297,3746000
2015-12-31,60417000,4793000,2016-01-26,0.15,0.11,33831000,11865000,1289000,0.1416747953060802,10576000
2016-03-31,65898000,4526000,2016-04-26,0.13,0.14,33991000,4330000,1752000,0.13315289341296224,2578000
2016-06-30,85430000,8463000,2016-08-02,0.21,0.14,38954000,15132000,2977000,0.21725625096267392,12155000
2016-09-30,87649000,3819000,2016-10-25,0.13,0.16,39865000,10283000,6050000,0.0957983193277311,4233000
2016-12-31,98014000,5204000,2017-01-23,0.13,0.11,39985000,14238000,7703000,0.1301488058021758,6535000
2017-03-31,107317000,7048000,2017-04-25,0.16,0.17,44814000,24889000,13036000,0.1572722809836212,11853000
2017-06-30,115608000,8804000,2017-08-01,0.32,0.28,47472000,9736000,6055000,0.1854566902595214,3681000
2017-09-30,106069000,17953000,2017-10-24,0.37,0.26,47489000,8028000,3628000,0.3780454421023816,4400000
2017-12-31,117912000,9133000,2018-01-23,0.28,0.3,47447000,8779000,3964000,0.19248846080890256,4815000
2018-03-31,116336000,3696000,2018-04-24,0.3,0.35,47532000,873000,3475000,0.07775814188336279,-2602000
2018-06-30,152867000,10101000,2018-07-31,0.47,0.42,47521000,25641000,4039000,0.21255865827739315,21602000
2018-09-30,144056000,7479000,2018-10-30,0.39,0.35,47697000,20029000,3727000,0.15680231461098182,16302000
2018-12-31,159089000,12383000,2019-01-29,0.47,0.42,47705000,25301000,7075000,0.25957446808510637,18226000
2019-03-31,174636000,14109000,2019-04-30,0.5,0.45,47958000,26218000,7060000,0.2941949205554861,19158000
2019-06-30,176963000,12804000,2019-07-30,0.47,0.44,50655000,25969000,8829000,0.25276872964169383,17140000
2019-09-30,177304000,19247000,2019-10-29,0.44,0.41,55078000,24310000,9595000,0.349449871091906,14715000
2019-12-31,193913000,15676000,2020-01-28,0.54,0.48,55001000,32066000,11324000,0.28501299976364064,20742000
2020-03-31,208016000,23565000,2020-04-28,0.6,0.52,55127000,30082000,10869000,0.4274674841729098,19213000
2020-06-30,217377000,27224000,2020-08-04,0.72,0.57,55259000,28726000,11506000,0.49266182884236054,17220000
2020-09-30,205621000,15798000,2020-11-03,0.51,0.47,55339000,22929000,10978000,0.2854767885216574,11951000
2020-12-31,210676000,12686000,2021-02-02,0.54,0.51,55434000,23939000,13775000,0.2288487210015514,10164000
2021-03-31,256857000,15635000,2021-05-04,0.64,0.62,55526000,23185000,9955000,0.28157980045384146,13230000
2021-06-30,250842000,17925000,2021-08-03,0.73,0.67,55598000,27194000,10891000,0.3224036835857405,16303000
2021-09-30,225013000,-7140000,2021-11-02,0.41,0.4,55376000,-2006000,5377000,-0.1289367234903207,-7383000
2021-12-31,220380000,-2639000,2022-02-01,0.39,0.42,55520000,6824000,8027000,-0.04753242074927954,-1203000
2022-03-31,253075000,4139000,2022-05-03,0.57,0.59,56027000,-4252000,6072000,0.07387509593588805,-10324000
2022-06-30,289729000,16915000,2022-08-02,0.81,0.99,56261000,-19435000,8180000,0.3006523168802545,-27615000
2022-09-30,227579000,-14335000,2022-11-01,0.24,0.21,55931000,-66039000,7328000,-0.25629793853140476,-73367000
2022-12-31,229588000,-10920000,2023-01-31,0.26,0.33,56252000,35392000,13176000,-0.19412643106022898,22216000
2023-03-31,263479000,5156000,2023-05-02,0.4,0.37,56896000,-3217000,9446000,0.0906214848143982,-12663000
2023-06-30,253236000,-8236000,2023-08-15,0.11,0.59,56798000,71761000,10348000,-0.14500510581358497,61413000
2023-09-30,180991000,-36708000,2023-11-07,-0.24,0.18,57105000,-14660000,6236000,-0.642815865510901,-20896000
2023-12-31,248563000,-10777000,2024-02-06,-0.42,0.07,57682500,85462000,3555000,-0.18683309495947645,81907000
2024-03-31,204431000,-17525000,2024-05-07,-0.26,-0.02,58260000,-17805000,7938000,-0.3008067284586337,-25743000
2024-06-30,248563000,-10777000,2024-08-13,0.3,0.01,57999000,71761000,10348000,-0.18581354850945705,61413000
2024-09-30,204431000,-17525000,2024-11-05,0.04,-0.08,58260000,-14660000,6236000,-0.3008067284586337,-20896000
2024-12-31,223125000,-17579000,2025-02-04,0.07,-0.04,58561000,85462000,3555000,-0.3001827154590939,81907000
2025-03-31,211358000,-19170000,2025-05-06,0.06,0.07,58749000,29974000,5914000,-0.3263034264413011,24060000
2025-06-30,211358000,-19170000,2025-08-11,0.47,0.22,58749000,38075000,4098000,-0.3263034264413011,33977000
2025-09-30,225209000,-12515000,2025-11-04,0.26,0.09,59191000,29974000,5914000,-0.21143417073541584,24060000
