fiscalDateEnding,totalRevenue,netIncome,reportedDate,reportedEPS,estimatedEPS,commonStockSharesOutstanding,operatingCashflow,capitalExpenditures,eps_computed_simple,freeCashFlow
2024-03-31,675100000,43600000,2024-05-29,0.7,0.68,70818084,,0,0.6156619543674748,
2024-06-30,740000000,102900000,2024-08-14,0.9,0.58,72221843,452500000.0,9200000,1.4247767119429506,443300000.0
2024-09-30,391200000,58400000,2024-11-07,0.76,0.6766,80000000,,0,0.73,
2024-12-31,2154800000,115100000,2025-03-06,0.76,0.6138,78221410,711000000.0,6400000,1.4714641426177308,704600000.0
2025-03-31,865700000,72500000,2025-05-15,0.91,0.7745,78804348,,0,0.9199999979696551,
2025-06-30,500100000,76700000,2025-08-13,1.02,0.9307,71699922,927700000.0,8800000,1.0697361707032262,918900000.0
2025-09-30,484600000,73200000,2025-11-06,0.96,0.937,71699922,,0,1.0209216127180725,
