fiscalDateEnding,totalRevenue,netIncome,reportedDate,reportedEPS,estimatedEPS,commonStockSharesOutstanding,operatingCashflow,capitalExpenditures,eps_computed_simple,freeCashFlow
2023-12-31,82858000,57387000,2024-03-01,0.67,0.66,81981429,84709000,0,0.6999999963406347,84709000
2024-03-31,76568000,51684000,2024-05-09,0.63,0.65,87358527,40233000,0,0.5916308547647559,40233000
2024-06-30,86919000,59045000,2024-08-08,0.63,0.62,89271839,75023000,0,0.6614067847308489,75023000
2024-09-30,85001000,53206000,2024-11-07,0.6,0.61,89264686,-117032000,0,0.5960475792185053,-117032000
2024-12-31,84034000,51629000,2025-02-27,0.58,0.6,89264686,-96183000,0,0.5783810184466452,-96183000
2025-03-31,65439000,29670000,2025-05-08,0.34,0.55,88413652,34104000,0,0.33558165881441027,34104000
2025-06-30,73044000,36096000,2025-08-07,0.41,0.53,87189801,40806000,0,0.41399337521139656,40806000
2025-09-30,64684000,27601000,2025-11-06,0.32,0.52,86844648,34405000,0,0.31782039118864297,34405000
