fiscalDateEnding,totalRevenue,netIncome,reportedDate,reportedEPS,estimatedEPS,commonStockSharesOutstanding,operatingCashflow,capitalExpenditures,eps_computed_simple,freeCashFlow
2010-03-31,16137000,1334000,2010-05-05,0.01,0.01,15146000,2148000,1127000,0.0880760596857256,1021000
2010-06-30,18176000,1766000,2010-07-29,0.05,0.06,34492000,-1469000,667000,0.05120027832540879,-2136000
2010-09-30,18523000,1352000,2010-10-28,0.08,0.06,34036000,7624000,1441000,0.03972264660947232,6183000
2010-12-31,15865000,5662000,2011-02-03,0.01,0.02,32037000,-3465000,1000000,0.17673315229266162,-4465000
2011-03-31,16908000,-1148000,2011-04-28,-0.0358,-0.03,32037000,-2094000,664000,-0.03583356743765022,-2758000
2011-06-30,18094000,-4796000,2011-07-28,-0.02,-0.02,32442000,-364000,1078000,-0.14783305591517168,-1442000
2011-09-30,17639000,-11388000,2011-11-01,-0.05,-0.01,32743000,-2714000,445000,-0.3477995296704639,-3159000
2011-12-31,19296000,-4692000,2012-02-07,-0.05,-0.04,33312000,-1937000,976000,-0.14085014409221902,-2913000
2012-03-31,20683000,-6562000,2012-05-02,-0.06,-0.07,33312000,-1080000,1043000,-0.1969860710854947,-2123000
2012-06-30,24420000,-2559000,2012-08-02,0.05,0.01,33578000,955000,778000,-0.07621061409256061,177000
2012-09-30,27795000,450000,2012-10-29,0.13,0.07,34547000,6307000,1595000,0.013025733059310504,4712000
2012-12-31,24830000,-4581000,2013-02-05,0.02,0.02,32821000,1362000,2029000,-0.1395752719295573,-667000
2013-03-31,26534000,-2300000,2013-04-30,0.07,0.03,32821000,801000,542000,-0.0700770847932726,259000
2013-06-30,29773000,-2904000,2013-08-01,0.11,0.06,33748000,6205000,1935000,-0.08604954367666232,4270000
2013-09-30,31765000,-4882000,2013-10-30,0.08,0.08,34506000,3061000,1111000,-0.14148264070016808,1950000
2013-12-31,31574000,-2647000,2014-02-06,0.06,0.07,34939000,2823000,529000,-0.0757606113512121,2294000
2014-03-31,32501000,-862000,2014-04-30,0.1,0.07,35369000,4091000,1445000,-0.02437162486923577,2646000
2014-06-30,35592000,-612000,2014-07-31,0.13,0.11,36093000,7550000,3196000,-0.016956196492394646,4354000
2014-09-30,32541000,-3205000,2014-10-30,0.04,0.03,36901000,6361000,3126000,-0.08685401479634698,3235000
2014-12-31,32478000,-2362000,2015-02-09,0.05,0.04,37496000,-5768000,1033000,-0.06299338596116918,-6801000
2015-03-31,35396000,-4722000,2015-04-30,0.09,0.07,38015000,3768000,1024000,-0.1242141260028936,2744000
2015-06-30,70824000,-30647000,2015-08-10,0.21,0.22,52586000,4634000,436000,-0.582797702810634,4198000
2015-09-30,95191000,1582000,2015-11-03,0.4,0.34,63209000,21958000,120000,0.02502808144409815,21838000
2015-12-31,98949000,-8544000,2016-02-08,0.46,0.44,61895000,24558000,1516000,-0.13804022942079328,23042000
2016-03-31,102685000,19116000,2016-05-09,0.47,0.46,66643000,38954000,3222000,0.2868418288492415,35732000
2016-06-30,101687000,22584000,2016-08-08,0.5,0.44,67520000,32345000,1878000,0.334478672985782,30467000
2016-09-30,96324000,9679000,2016-11-07,0.43,0.4,67832000,18415000,2118000,0.14269076542045053,16297000
2016-12-31,87136000,8348000,2017-02-08,0.38,0.35,68421000,27603000,1684000,0.1220093246225574,25919000
2017-03-31,88841000,8463000,2017-05-09,0.33,0.31,69149000,22672000,743000,0.12238788702656582,21929000
2017-06-30,104175000,10965000,2017-08-08,0.35,0.32,69645000,-7090000,1154999,0.15744130949816929,-8244999
2017-09-30,113581000,-9167000,2017-11-07,0.39,0.33,66712000,37739000,2500000,-0.1374115601391054,35239000
2017-12-31,113721000,-19448000,2018-02-13,0.38,0.37,67147000,21743000,3070000,-0.28963319284554784,18673000
2018-03-31,110827000,1847000,2018-05-08,0.37,0.36,70440000,11971000,2381000,0.026220897217490064,9590000
2018-06-30,101533000,-14422000,2018-08-07,0.34,0.31,68335000,35824000,2422999,-0.21104851101192654,33401001
2018-09-30,85010000,-13935000,2018-10-30,0.19,0.18,68742000,30721000,1609000,-0.2027144976870036,29112000
2018-12-31,87627000,311000,2019-02-05,0.2,0.19,69551000,24173000,1412000,0.004471538870756711,22761000
2019-03-31,84635000,-4851000,2019-05-01,0.19,0.19,69968000,16045000,2155000,-0.06933169448890922,13890000
2019-06-30,82507000,-2229000,2019-07-25,0.22,0.21,70917000,12444000,524000,-0.031431109607005375,11920000
2019-09-30,80020000,-4714000,2019-10-24,0.23,0.21,71366000,21752000,1219000,-0.06605386318414931,20533000
2019-12-31,70018000,-8104000,2020-02-05,0.16,0.16,71746000,28107000,2989000,-0.11295403228054526,25118000
2020-03-31,62027000,-15469000,2020-04-29,0.07,0.07,72039000,6648000,1035000,-0.21473090964616387,5613000
2020-06-30,65220000,-21807000,2020-07-23,0.09,0.08,72740000,9260000,3901000,-0.2997937860874347,5359000
2020-09-30,156633000,-36645000,2020-11-05,0.32,0.31,73402000,-16584000,5196000,-0.4992370780087736,-21780000
2020-12-31,194716000,-24672000,2021-02-03,0.39,0.35,74335000,74269000,2355000,-0.3319028721329118,71914000
2021-03-31,209359000,3802000,2021-04-28,0.55,0.5,78283000,40272000,6152000,0.04856737733607552,34120000
2021-06-30,205376000,733000,2021-07-28,0.53,0.5,79026000,27851000,11157999,0.009275428340039986,16693001
2021-09-30,229774000,9258000,2021-10-27,0.75,0.67,79815000,84077000,9624000,0.11599323435444465,74453000
2021-12-31,247889000,28176000,2022-02-02,0.86,0.84,81567000,16033000,12242000,0.34543381514583105,3791000
2022-03-31,263927000,33586000,2022-04-27,1.0,0.91,80641000,134166000,4799999,0.416487890775164,129366001
2022-06-30,280009000,31966000,2022-07-27,1.11,1.01,80279000,123437000,10706000,0.39818632519089675,112731000
2022-09-30,285730000,28408000,2022-10-25,1.05,1.04,80060000,61766000,9119000,0.35483387459405447,52647000
2022-12-31,290586000,31080000,2023-02-01,1.07,1.06,82406000,69357000,16628000,0.37715700313084,52729000
2023-03-31,248442000,9533000,2023-04-26,0.74,0.7,81338000,42159000,5216000,0.11720229167178932,36943000
2023-06-30,183938000,-4351000,2023-07-26,0.34,0.33,80446000,30578000,5037000,-0.0540859707132735,25541000
2023-09-30,135530000,-39829000,2023-10-25,0.02,0.04,81249000,-12792000,1927000,-0.4902091102659725,-14719000
2023-12-31,125353000,-38500000,2024-01-31,0.01,0.01,81681000,-34898000,1274000,-0.4713458454230482,-36172000
2024-03-31,95269000,-72309000,2024-04-24,-0.21,-0.21,82349000,15970000,8342000,-0.8780798795370921,7628000
2024-06-30,91990000,-39266000,2024-07-24,-0.25,-0.19,83477000,-2696000,3013000,-0.4703810630473064,-5709000
2024-09-30,81102000,-75785000,2024-10-23,-0.36,-0.32,84074000,-30731000,4132000,-0.9014082831791042,-34863000
2024-12-31,92167000,-57838000,2025-01-29,-0.09,-0.13,84485000,-27838000,2193000,-0.6845948985026928,-30031000
2025-03-31,95933000,-49713000,2025-04-23,-0.05,-0.05,85271000,-11400000,1989000,-0.5830000820912151,-13389000
2025-06-30,108813000,-26586000,2025-07-23,0.02,0.02,86626000,10489000,1172000,-0.30690554798790204,9317000
2025-09-30,126459000,-45485000,2025-10-23,0.14,0.12,87186000,10124000,5729000,-0.521700731768862,4395000
