fiscalDateEnding,totalRevenue,netIncome,reportedDate,reportedEPS,estimatedEPS,commonStockSharesOutstanding,operatingCashflow,capitalExpenditures,eps_computed_simple,freeCashFlow
2008-09-30,154515000,3527000,2008-11-13,0.32,0.2,20696419,3781000,6276000,0.17041595456682626,-2495000
2008-12-31,162192000,15075000,2009-03-12,0.37,0.2,20706953,23873000,4497000,0.7280163334508944,19376000
2009-03-31,132935000,2883000,2009-05-14,0.14,0.14,20716255,-588000,7521000,0.13916607996956978,-8109000
2009-06-30,162923000,4315000,2009-08-10,0.21,0.18,20689524,17166000,7515000,0.20855965560154985,9651000
2009-09-30,162035000,5769000,2009-11-09,0.28,0.26,20763000,-7315000,5216000,0.27785002167316863,-12531000
2009-12-31,173275000,4268000,2010-03-15,0.21,0.18,20702383,14648000,9428000,0.2061598415989116,5220000
2010-03-31,148889000,2780000,2010-05-10,0.13,0.11,20733000,633000,1382000,0.13408575700573963,-749000
2010-06-30,140285000,3353000,2010-08-09,0.16,0.16,20791000,12770000,5750000,0.16127170410273675,7020000
2010-09-30,152767000,3901000,2010-11-08,0.19,0.19,20776000,-1114000,4950000,0.18776472853292261,-6064000
2010-12-31,155136000,6088000,2011-03-08,0.29,0.18,20782000,32548000,9813000,0.29294581849677603,22735000
2011-03-31,150294000,4500000,2011-05-09,0.21,0.16,20934000,13794000,12223000,0.21496130696474636,1571000
2011-06-30,185310000,3717000,2011-08-09,0.18,0.19,20978000,448000,10601000,0.17718562303365432,-10153000
2011-09-30,210489000,4221000,2011-11-08,0.2,0.24,21041000,-18971000,11338000,0.2006083361056984,-30309000
2011-12-31,234263000,5860000,2012-03-07,0.28,0.26,20993000,35123000,8180000,0.27914066593626446,26943000
2012-03-31,240228000,6210000,2012-05-09,0.29,0.22,21087000,-12008000,8330000,0.29449423815621,-20338000
2012-06-30,260410000,9535000,2012-08-07,0.45,0.33,21094000,22155000,12099000,0.4520242723049208,10056000
2012-09-30,250558000,8746000,2012-11-07,0.41,0.44,21186000,12593000,11665000,0.4128197866515623,928000
2012-12-31,247763000,9771000,2013-03-06,0.46,0.42,21172000,7259000,5155000,0.4615057623276025,2104000
2013-03-31,201342000,6960000,2013-05-08,0.32,0.35,21311000,12494000,12458000,0.3265919008962508,36000
2013-06-30,213916000,9462000,2013-08-07,0.44,0.44,21397000,25476000,9460000,0.4422115249801374,16016000
2013-09-30,232890000,8315000,2013-11-06,0.45,0.44,21452000,33523000,9622000,0.38760954689539434,23901000
2013-12-31,254581000,10022000,2014-03-05,0.46,0.4,21431000,23569000,11185000,0.4676403340954692,12384000
2014-03-31,215638000,6272000,2014-05-07,0.29,0.32,21513000,-8967000,12441000,0.2915446474224887,-21408000
2014-06-30,228877000,7741000,2014-08-06,0.36,0.41,21631000,13264000,12793000,0.3578660256113911,471000
2014-09-30,248473000,8404000,2014-11-05,0.39,0.38,21521000,29327000,10758000,0.3905023000789926,18569000
2014-12-31,250979000,14127000,2015-03-11,0.66,0.37,21153000,21352000,3053000,0.6678485321231031,18299000
2015-03-31,244148000,7172000,2015-05-06,0.34,0.3,21052000,1370000,16362000,0.3406802204066122,-14992000
2015-06-30,276488000,8074000,2015-08-05,0.38,0.4,21215000,7659000,13369000,0.3805797784586378,-5710000
2015-09-30,269861000,6175000,2015-11-04,0.29,0.42,21214000,1666000,13064000,0.29108136136513624,-11398000
2015-12-31,271184000,5881000,2016-03-03,0.29,0.31,20583000,32305000,3804000,0.28572122625467616,28501000
2016-03-31,253634000,1987000,2016-05-04,0.1,0.28,19634000,14426000,3769000,0.10120199653662015,10657000
2016-06-30,261934000,5500000,2016-08-03,0.31,0.33,17679000,32036000,8468000,0.3111035692064031,23568000
2016-09-30,283259000,6146000,2016-11-02,0.38,0.38,16177000,-5965000,5711000,0.3799221116399827,-11676000
2016-12-31,343660000,7798000,2017-03-09,0.48,0.4,16345000,13993000,7423000,0.4770877944325482,6570000
2017-03-31,300129000,1200000,2017-05-03,0.07,0.29,16452000,13060000,10002000,0.07293946024799416,3058000
2017-06-30,356185000,1230000,2017-08-02,0.07,0.34,16503000,6120000,10596000,0.07453190329031086,-4476000
2017-09-30,373502000,5145000,2017-11-01,0.31,0.34,16474000,-40970000,4311000,0.31231030715066166,-45281000
2017-12-31,373501000,13579000,2018-03-07,0.35,0.34,16530000,12592000,5934000,0.8214761040532366,6658000
2018-03-31,345611000,5644000,2018-05-02,0.34,0.19,16520000,22033000,14497000,0.3416464891041162,7536000
2018-06-30,339676000,6835000,2018-08-01,0.41,0.4,16592000,23233000,13522000,0.41194551591128253,9711000
2018-09-30,399537000,7957000,2018-10-31,0.48,0.54,16630000,13403000,11704000,0.47847263980757665,1699000
2018-12-31,446345000,10651000,2019-03-06,0.64,0.52,16631000,26120000,10981000,0.6404305213156154,15139000
2019-03-31,468094000,7353000,2019-05-01,0.44,0.39,16658000,-8205000,9911000,0.4414095329571377,-18116000
2019-06-30,448776000,7207000,2019-07-31,0.43,0.57,16704000,15604000,18050000,0.4314535440613027,-2446000
2019-09-30,583214000,10355000,2019-10-30,0.62,0.61,16714000,24346000,11393000,0.6195405049658969,12953000
2019-12-31,571075000,12775000,2020-03-04,0.76,0.6,16748000,33154000,18474000,0.7627776450919512,14680000
2020-03-31,518470000,9932000,2020-04-29,0.59,0.52,16742000,35243000,9138000,0.593238561701111,26105000
2020-06-30,513051000,13385000,2020-07-29,0.8,0.47,16765000,62680000,7800000,0.7983895019385625,54880000
2020-09-30,607901000,17292000,2020-10-28,1.02,0.78,16882000,30703000,10532000,1.02428622201161,20171000
2020-12-31,607970000,18150000,2021-03-03,1.07,0.79,17018000,46541000,16885000,1.0665178046774004,29656000
2021-03-31,592486000,19928000,2021-04-28,1.17,0.63,17045000,59390000,7031000,1.169140510413611,52359000
2021-06-30,649573000,21219000,2021-07-28,1.24,0.99,17125000,29172000,13966000,1.239065693430657,15206000
2021-09-30,610182000,23171000,2021-10-27,1.35,1.19,17167000,19653000,11704000,1.3497407817323936,7949000
2021-12-31,646048000,20692000,2022-02-23,1.2,1.12,17161000,29013000,19660000,1.2057572402540644,9353000
2022-03-31,636624000,20688000,2022-04-27,1.21,1.06,17133000,21467000,14037000,1.207494309227806,7430000
2022-06-30,708114000,19684000,2022-07-27,1.15,1.15,17070000,38652000,16384000,1.1531341534856474,22268000
2022-09-30,799848000,18436000,2022-10-26,1.09,1.21,16853000,13607000,18101000,1.093929864119148,-4494000
2022-12-31,863956000,24573000,2023-02-22,1.46,1.06,16787000,93758000,28534000,1.4638112825400607,65224000
2023-03-31,811616000,23163000,2023-04-26,1.38,1.01,16824000,37158000,19615000,1.3767831669044222,17543000
2023-06-30,888616000,22273000,2023-07-26,1.33,1.28,16809000,-21314000,22115000,1.3250639538342555,-43429000
2023-09-30,939476000,21512000,2023-10-25,1.28,1.3,16829000,12548000,22061000,1.2782696535741873,-9513000
2023-12-31,1004197000,24042000,2024-02-28,1.43,1.5,16838000,42624000,20945000,1.4278417864354436,21679000
2024-03-31,815562000,18939000,2024-05-01,1.12,1.16,16837000,7690000,25783000,1.1248440933658015,-18093000
2024-06-30,828890000,-15277000,2024-07-31,-0.91,1.13,16756000,22681000,20178000,-0.9117331105275722,2503000
2024-09-30,888043000,10649000,2024-10-30,0.65,0.35,16324000,35625000,17673000,0.6523523646165156,17952000
2024-12-31,829795000,15952000,2025-02-26,0.99,0.8,16185000,21119000,12304000,0.9856039542786531,8815000
2025-03-31,833620000,23308000,2025-04-29,1.45,1.1983,16056000,83286000,13066000,1.4516691579471848,70220000
2025-06-30,900325000,26466000,2025-07-29,1.7,1.48,15575000,32860999,21223000,1.6992616372391653,11637999
2025-09-30,950400000,32094000,2025-10-29,2.05,1.92,15631000,95590000,30178000,2.053227560616723,65412000
