fiscalDateEnding,totalRevenue,netIncome,reportedDate,reportedEPS,estimatedEPS,commonStockSharesOutstanding,operatingCashflow,capitalExpenditures,eps_computed_simple,freeCashFlow
2023-09-30,1067000000,-58000000,2023-11-14,-0.82,,70426992,147000000,48000000,-0.823547880619408,99000000
2023-12-31,1098000000,-165000000,2024-02-14,0.69,0.0,70600000,8000000,47000000,-2.3371104815864023,-39000000
2024-03-31,1050000000,-8000000,2024-05-13,0.41,0.37,71600000,148000000,30000000,-0.11173184357541899,118000000
2024-06-30,1080000000,30000000,2024-08-13,0.81,0.69,73700000,9000000,23000000,0.40705563093622793,-14000000
2024-09-30,1078000000,24000000,2024-11-12,0.89,0.65,74500000,107000000,38000000,0.3221476510067114,69000000
2024-12-31,1108000000,46000000,2025-03-03,1.11,0.8,75000000,80000000,31000000,0.6133333333333333,49000000
2025-03-31,980000000,17000000,2025-05-08,0.23,0.565,75200000,123000000,41000000,0.22606382978723405,82000000
2025-06-30,1104000000,45000000,2025-08-07,0.6,0.84,74900000,-23000000,35000000,0.6008010680907877,-58000000
2025-09-30,1078000000,24000000,2025-11-05,1.09,1.07,74500000,25000000,43000000,0.3221476510067114,-18000000
