fiscalDateEnding,totalRevenue,netIncome,reportedDate,reportedEPS,estimatedEPS,commonStockSharesOutstanding,operatingCashflow,capitalExpenditures,eps_computed_simple,freeCashFlow
2012-09-30,65486000,-7891000,2012-11-01,0.06,0.07,52191000,-23719000,2163000,-0.15119465041865457,-25882000
2012-12-31,61187000,3003000,2013-01-28,0.06,0.07,52297305,28370000,5083000,0.057421696968897346,23287000
2013-03-31,58264000,2082000,2013-04-29,0.04,0.07,52346525,-17753000,2122000,0.03977341380349508,-19875000
2013-06-30,56144000,2898000,2013-07-25,0.06,0.06,52081326,-4914000,2198000,0.05564374455443012,-7112000
2013-09-30,56639000,947000,2013-10-24,0.06,0.06,51501980,-15637000,1749000,0.018387642572188487,-17386000
2013-12-31,55672000,1000000,2014-01-28,0.02,0.07,47494341,12726000,732000,0.021055140021839655,11994000
2014-03-31,55243000,1431000,2014-04-24,0.03,0.03,44863138,-15506000,41000,0.03189701086000716,-15547000
2014-06-30,54592000,2129000,2014-07-24,0.05,0.06,43880263,13051000,306000,0.048518396528297925,12745000
2014-09-30,54758000,3337000,2014-10-23,0.08,0.1,41712500,16591000,547000,0.08,16044000
2014-12-31,54850000,2279000,2015-01-29,0.06,0.07,39444330,-16898000,691000,0.05777763242524338,-17589000
2015-03-31,52192000,1246000,2015-04-23,0.03,0.02,38028612,-14433000,532000,0.03276480351162961,-14965000
2015-06-30,50745000,-1341000,2015-07-23,-0.01,0.01,36164617,-8389000,1531000,-0.03708044246673482,-9920000
2015-09-30,50615000,1636000,2015-10-22,0.02,0.03,32762516,7597000,1560000,0.049935114873351,6037000
2015-12-31,52343000,3340000,2016-01-28,0.16,0.1,30795333,-22427000,1458000,0.1084579926445348,-23885000
2016-03-31,48996000,251000,2016-04-21,0.01,0.2,30118303,7052000,1905000,0.008333802870633183,5147000
2016-06-30,49624000,4504000,2016-07-21,0.15,0.19,29278759,19457000,1905000,0.15383165659446155,17552000
2016-09-30,53316000,8314000,2016-10-20,0.3,0.22,27898756,638000,5062000,0.29800611898250945,-4424000
2016-12-31,48482000,9989000,2017-01-26,0.36,0.21,27473995,-31083000,1905000,0.36358017827403694,-32988000
2017-03-31,46665000,8258000,2017-04-20,0.3,0.23,27680029,21245000,783000,0.2983378377240862,20462000
2017-06-30,54036000,9209000,2017-07-20,0.33,0.26,27597443,13385000,202000,0.3336903350067613,13183000
2017-09-30,51656000,7231000,2017-10-18,0.26,0.29,27628734,4092000,1188000,0.2617202800533676,2904000
2017-12-31,51432000,-10119000,2018-01-25,0.36,0.31,27007799,19417000,3848000,-0.37466955378333494,15569000
2018-03-31,68412000,8464000,2018-04-26,0.47,0.34,31143528,10509000,1905000,0.2717739621535492,8604000
2018-06-30,73390000,17512000,2018-07-24,0.57,0.47,31387000,-41333000,1557000,0.5579379998088381,-42890000
2018-09-30,73162000,18240000,2018-10-23,0.58,0.54,31541000,53894000,1571000,0.5782949177261343,52323000
2018-12-31,72237000,17235000,2019-01-24,0.55,0.53,31554000,50504000,1244000,0.5462065031374786,49260000
2019-03-31,76029000,18922000,2019-04-23,0.6,0.52,31498000,-3620000,1688000,0.6007365547018858,-5308000
2019-06-30,81748000,20282000,2019-07-23,0.64,0.61,31605000,2850000,3591000,0.641733902863471,-741000
2019-09-30,91357000,21642000,2019-10-22,0.69,0.65,31509000,-59834000,2464000,0.6868513757973912,-62298000
2019-12-31,78632000,19519000,2020-01-23,0.62,0.57,31511000,103080000,3461000,0.6194344831963441,99619000
2020-03-31,81135000,15824000,2020-04-21,0.5,0.41,31361000,26242000,2161000,0.5045757469468448,24081000
2020-06-30,91493000,17705000,2020-07-21,0.62,0.32,30858000,-39570000,1354000,0.5737572104478579,-40924000
2020-09-30,95678000,27893000,2020-10-20,0.91,0.58,30924000,-46427000,983000,0.9019855128702626,-47410000
2020-12-31,85604000,27169000,2021-01-21,0.88,0.66,31090000,51845000,146000,0.873882277259569,51699000
2021-03-31,81459000,26812000,2021-04-22,0.86,0.7,31143000,7530000,3681000,0.8609318305879331,3849000
2021-06-30,72165000,24200000,2021-07-26,0.77,0.7,31226000,126459000,5421000,0.7749951963107666,121038000
2021-09-30,77866000,19825000,2021-10-19,0.64,0.62,31065000,10877000,530000,0.6381780138419443,10347000
2021-12-31,75137000,22769000,2022-01-20,0.74,0.61,30786240,34636000,3426000,0.7395836581537726,31210000
2022-03-31,67311000,18352000,2022-04-18,0.6,0.6,30479261,48761000,420000,0.6021143360398403,48341000
2022-06-30,75598000,20362000,2022-07-19,0.67,0.64,30493265,78442000,10007000,0.6677540105987338,68435000
2022-09-30,88318000,15839000,2022-10-27,0.5,0.7,31531075,53894000,95000,0.5023298444471049,53799000
2022-12-31,116691000,16721000,2023-01-24,0.91,0.83,38100000,33537000,2518000,0.4388713910761155,31019000
2023-03-31,126870000,40283000,2023-04-19,1.06,0.96,38075000,-18795000,6701000,1.0579908076165463,-25496000
2023-06-30,133627000,32557000,2023-07-19,0.85,0.93,38107000,92991000,9735000,0.854357467132023,83256000
2023-09-30,143808000,36087000,2023-10-24,0.94,0.86,38134000,48116000,8251000,0.9463208685162847,39865000
2023-12-31,149258000,33121000,2024-01-23,0.87,0.82,38163000,44623000,12147000,0.8678825039960171,32476000
2024-03-31,148077000,31391000,2024-04-24,0.82,0.76,38188000,29957000,5482000,0.8220121504137425,24475000
2024-06-30,145085000,26135000,2024-07-23,0.68,0.74,38373000,31918000,13294000,0.6810778411904204,18624000
2024-09-30,155216000,33016000,2024-10-22,0.86,0.74,38495000,46966000,7599000,0.8576698272502923,39367000
2024-12-31,145936000,28184000,2025-01-22,0.73,0.77,38565000,46430000,8217000,0.7308180993128485,38213000
2025-03-31,144236000,24231000,2025-04-22,0.63,0.75,38230000,39625000,10166000,0.6338216060685326,29459000
2025-06-30,147018000,34022000,2025-07-22,0.88,0.79,38151810,32343000,5842000,0.891753235298666,26501000
2025-09-30,151896000,35285000,2025-10-21,0.92,0.85,38151810,52394000,5899000,0.924857824569791,46495000
