fiscalDateEnding,totalRevenue,netIncome,reportedDate,reportedEPS,estimatedEPS,commonStockSharesOutstanding,operatingCashflow,capitalExpenditures,eps_computed_simple,freeCashFlow
2012-12-31,503171000,1053000,2013-02-11,0.04,0.01,200468080,22071000,73985000,0.005252706565553977,-51914000
2013-03-31,527631000,-96395000,2013-05-06,0.06,0.03,198350433,82095000,85152000,-0.48598331015491153,-3057000
2013-06-30,644433000,-8841000,2013-07-29,0.29,0.27,204001107,170685000,673868000,-0.04333800012173463,-503183000
2013-09-30,797885000,170858000,2013-10-28,0.86,0.84,210703244,145563000,76745000,0.8108940173697563,68818000
2013-12-31,600345000,36092000,2014-02-18,0.19,0.18,212922103,76938000,59086000,0.1695080007734096,17852000
2014-03-31,664028000,51267000,2014-04-29,0.23,0.22,213613390,228134000,746310000,0.23999900006268335,-518176000
2014-06-30,765927000,111616000,2014-07-28,0.58,0.57,210472991,290974000,41256000,0.5303103237602587,249718000
2014-09-30,907017000,201078000,2014-10-29,1.11,1.08,208507181,181616000,77271000,0.964369663604056,104345000
2014-12-31,788909000,-25609000,2015-02-17,0.36,0.37,212699335,-65123000,187137000,-0.12040000031029716,-252260000
2015-03-31,938182000,-21456000,2015-05-07,0.27,0.23,224301117,299222000,58563000,-0.09565712506014849,240659000
2015-06-30,1085433000,158494000,2015-08-04,0.75,0.73,230228144,392921000,127941000,0.6884214816065233,264980000
2015-09-30,1284910000,251787000,2015-11-03,1.35,1.34,230997459,281333000,145054000,1.0899990029760458,136279000
2015-12-31,1036523000,38312000,2016-02-23,0.51,0.51,230153510,70243000,793717000,0.16646280997409077,-723474000
2016-03-31,1077632000,73229000,2016-05-10,0.38,0.38,228841340,330096000,132027000,0.3199990001806492,198069000
2016-06-30,1186835000,145246000,2016-08-09,0.85,0.83,227884704,417942000,632872000,0.6373661656554185,-214930000
2016-09-30,1484736000,342378000,2016-11-09,1.62,1.59,228252000,340721000,151037000,1.5,189684000
2016-12-31,1125137000,72232000,2017-02-22,0.56,0.55,227821878,150907000,176155000,0.31705471236612315,-25248000
2017-03-31,1150781000,61910000,2017-05-10,0.4,0.37,229297145,434944000,117777000,0.2699990006417219,317167000
2017-06-30,1344103000,198473000,2017-08-08,1.02,0.97,229090085,484787000,947488000,0.8663535132915071,-462701000
2017-09-30,1651738000,400692000,2017-11-09,1.86,1.82,230282890,439907000,64249000,1.7399990073079246,375658000
2017-12-31,1249553000,98797000,2018-02-22,0.68,0.64,230196680,226103000,242700000,0.4291851646166226,-16597000
2018-03-31,1293403000,103155000,2018-05-02,0.6,0.54,229233333,610761000,143874000,0.4500000006543551,466887000
2018-06-30,1522174000,226676000,2018-08-09,1.21,1.02,224431683,643040000,1107560000,1.0100000007574688,-464520000
2018-09-30,1858356000,470378000,2018-11-08,2.27,2.21,222928067,466300000,110244000,2.109999006989102,356056000
2018-12-31,1381193000,154634000,2019-02-21,0.85,0.79,223032810,355070000,205118000,0.6933240001773731,149952000
2019-03-31,1403630000,118157000,2019-05-09,0.83,0.71,218873272,535377000,214559000,0.5398420689758775,320818000
2019-06-30,1664277000,240190000,2019-08-08,1.3,1.26,216810766,524397000,199329000,1.1078324403872084,325068000
2019-09-30,1913851000,450584000,2019-11-07,2.23,2.16,215590430,420980000,202097000,2.0900000060299524,218883000
2019-12-31,1480618000,121297000,2020-02-20,0.73,0.7,214862930,341851000,1021185000,0.5645320018674231,-679334000
2020-03-31,1246882000,-1880972000,2020-05-14,-0.99,-0.5,213630802,-52701000,610155000,-8.804779003731868,-662856000
2020-06-30,16929000,-715243000,2020-08-06,-2.78,-2.26,239342745,-1275679000,115322000,-2.9883629854750766,-1391001000
2020-09-30,6518000,-677366000,2020-11-09,-2.35,-2.25,271435350,-590246000,147665000,-2.495496625623744,-737911000
2020-12-31,9579000,-738933000,2021-02-25,-2.33,-2.17,293892955,-637617000,73403000,-2.5142930016815135,-711020000
2021-03-31,3100000,-1370192000,2021-05-06,-2.03,-2.05,329377207,-852011000,136350000,-4.1599478375563494,-988361000
2021-06-30,4368000,-717789000,2021-08-06,-1.93,-1.97,369933309,-630044000,173131000,-1.9403200050850247,-803175000
2021-09-30,153081000,-845885000,2021-11-03,-2.17,-2.09,370016479,-670296000,230049000,-2.286073858888863,-900345000
2021-12-31,487437000,-1572721000,2022-02-24,-1.95,-1.6,391737578,-315658000,213313000,-4.014731004437874,-528971000
2022-03-31,521940000,-982714000,2022-05-10,-1.82,-1.53,417734591,-371011000,165284000,-2.352484139863821,-536295000
2022-06-30,1187181000,-509321000,2022-08-09,-1.14,-0.86,419107330,262186000,161019000,-1.2152519499002796,101167000
2022-09-30,1615510000,-295394000,2022-11-08,-0.64,-0.7,420798538,82245000,1302139000,-0.7019843780921121,-1219894000
2022-12-31,1519129000,-482480000,2023-02-28,-1.04,-0.85,421400765,236600000,155415000,-1.1449433415243089,81185000
2023-03-31,1821939000,-159321000,2023-05-01,-0.3,-0.41,422655215,503333000,237676000,-0.3769526421198896,265657000
2023-06-30,2205492000,86116000,2023-08-01,0.3,0.27,461075240,1033282000,736514000,0.1867721198822127,296768000
2023-09-30,2536037000,345868000,2023-11-01,0.76,0.69,511585445,210099000,1128508000,0.6760708370035821,-918409000
2023-12-31,1986456000,-106485000,2024-02-27,-0.18,-0.14,425426293,259000000,647664000,-0.2503018777920245,-388664000
2024-03-31,2191215000,17353000,2024-05-01,0.16,0.11,431019206,807171000,258851000,0.04026038691185376,548320000
2024-06-30,2372492000,163436000,2024-07-31,0.4,0.35,513589734,670893000,340654000,0.31822287164330276,330239000
2024-09-30,2806578000,474932000,2024-10-31,0.99,0.94,514878919,172503000,368011000,0.9224149260614805,-195508000
2024-12-31,2109366000,254536000,2025-02-25,0.26,0.1071,518111963,399256000,243436000,0.49127605262416996,155820000
2025-03-31,2127553000,-40295000,2025-04-29,0.07,0.11,441147186,679221000,1525220000,-0.09134139642908207,-845999000
2025-06-30,2517497000,29992000,2025-07-29,0.51,0.5122,443882000,714851000,333641000,0.06756750667970317,381210000
2025-09-30,2938142000,419295000,2025-11-04,1.2,1.16,495727378,236564000,963098000,0.8458177187865545,-726534000
