fiscalDateEnding,totalRevenue,netIncome,reportedDate,reportedEPS,estimatedEPS,commonStockSharesOutstanding,operatingCashflow,capitalExpenditures,eps_computed_simple,freeCashFlow
2005-10-31,239803000,27903000,2005-12-13,0.4,0.33,69800000,38047000,4671000,0.399756446991404,33376000
2006-01-31,197452000,16067000,2006-02-27,0.24,0.22,67694000,16507000,4531000,0.23734747540402398,11976000
2006-04-30,231830000,21931000,2006-05-25,0.32,0.31,68716000,23191000,2423000,0.3191541998952209,20768000
2006-07-31,225965000,24814000,2006-08-23,0.36,0.3,68920000,37180000,2861000,0.36004062681369703,34319000
2006-10-31,236974000,27786000,2006-12-19,0.44,0.36,66766000,44398000,3795000,0.41616990683881017,40603000
2007-01-31,203875000,15557000,2007-02-27,0.23,0.28,68234000,17816000,8654000,0.22799484128147257,9162000
2007-04-30,241293000,20980000,2007-05-24,0.31,0.28,68292000,29774000,10565000,0.30721021495929246,19209000
2007-07-31,257713000,24521000,2007-08-23,0.36,0.33,68430000,31331000,6470000,0.358336986701739,24861000
2007-10-31,290768000,29634000,2007-12-18,0.44,0.4,67234000,45327000,5328000,0.4407591397209745,39999000
2008-01-31,244689000,21339000,2008-02-21,0.31,0.3,68378000,12998000,4364000,0.31207405890783585,8634000
2008-04-30,294116000,33049000,2008-05-21,0.49,0.41,68222000,51293000,5758000,0.4844331740494269,45535000
2008-07-31,288362000,32370000,2008-08-21,0.47,0.49,69274000,22267000,7763000,0.4672748794641568,14504000
2008-10-31,297662000,30746000,2008-12-17,0.5,0.41,67052000,27484000,8501000,0.45853964087573823,18983000
2009-01-31,186608000,11156000,2009-02-19,0.2,0.15,67092000,28234000,5629000,0.1662791390925893,22605000
2009-04-30,188840000,13843000,2009-05-21,0.22,0.13,67142000,47903000,2124000,0.20617497244645677,45779000
2009-07-31,206273000,23979000,2009-08-20,0.36,0.25,67220000,43140000,1960000,0.356724189229396,41180000
2009-10-31,237444000,-209033000,2009-12-16,0.43,0.44,67330000,49400000,2801000,-3.104604188326155,46599000
2010-01-31,220589000,26732000,2010-02-22,0.35,0.29,68248000,49451000,1716000,0.3916891337475091,47735000
2010-04-30,251659000,32431000,2010-05-20,0.55,0.43,68836000,-30510000,2515000,0.47113429019698994,-33025000
2010-07-31,279121000,55329000,2010-08-19,0.65,0.56,68768000,47588000,4462000,0.804574802233597,43126000
2010-10-31,290182000,53556000,2010-12-15,0.75,0.69,68014000,73657000,6614000,0.7874261181521451,67043000
2011-01-31,270962000,45897000,2011-02-22,0.65,0.55,68878000,55920000,5530000,0.6663521008159354,50390000
2011-04-30,318924000,65242000,2011-05-19,0.95,0.88,69002000,56142000,5184000,0.9455088258311354,50958000
2011-07-31,312255000,56550000,2011-08-18,0.81,0.89,68781000,68230000,3592000,0.8221747284860644,64638000
2011-10-31,331018000,54675000,2011-12-14,0.86,0.81,68425000,66435000,5933000,0.7990500548045305,60502000
2012-01-31,275836000,38338000,2012-02-23,0.62,0.6,65627000,44310000,8644000,0.5841802916482546,35666000
2012-04-30,315193000,52111000,2012-05-21,0.84,0.87,65179000,54659000,5726000,0.7995059758511177,48933000
2012-07-31,379872000,66694000,2012-08-20,1.06,0.99,64725000,78606000,7180000,1.030421011973735,71426000
2012-10-31,438677000,67686000,2012-12-13,1.07,1.03,64886000,96823000,9409000,1.043152606109176,87414000
2013-01-31,347043000,42011000,2013-02-21,0.62,0.68,64949000,39755000,7524000,0.6468305901553527,32231000
2013-04-30,382100000,54605000,2013-05-23,0.84,0.84,64970000,62874000,16190000,0.8404648299215022,46684000
2013-07-31,402960000,65424000,2013-08-22,0.99,1.05,64854000,91955000,10855000,1.0087889721528356,81100000
2013-10-31,410818000,59777000,2013-12-11,0.93,0.95,64866000,73792000,12650000,0.9215459562790984,61142000
2014-01-31,359420000,34880000,2014-02-25,0.56,0.62,64860000,47687000,7891000,0.5377736663583103,39796000
2014-04-30,417461000,61934000,2014-05-22,0.97,0.89,64557000,54502000,8603000,0.9593692395867218,45899000
2014-07-31,458550000,77879000,2014-08-21,1.2,1.13,64141000,80769000,11442000,1.2141843750487207,69327000
2014-10-31,468590000,72080000,2014-12-11,1.15,1.13,63561000,105197000,15638000,1.1340287283082393,89559000
2015-01-31,379008000,42885000,2015-02-24,0.69,0.67,62536000,25912000,16821000,0.6857649993603684,9091000
2015-04-30,400727000,49214000,2015-05-19,0.8,0.86,61638000,91524000,19362000,0.7984360297219247,72162000
2015-07-31,462731000,69388000,2015-08-20,1.16,1.25,61099000,49858000,12715000,1.1356650681680551,37143000
2015-10-31,446200000,49624000,2015-12-10,0.95,1.07,59330000,94657000,13189000,0.8364065396932412,81468000
2016-01-31,372220000,41161000,2016-02-22,0.61,0.55,57305000,48537000,11093000,0.7182793822528575,37444000
2016-04-30,437592000,70601000,2016-05-23,1.19,0.92,57334000,78351000,14428000,1.2313984721107893,63923000
2016-07-31,489899000,84214000,2016-08-22,1.47,1.33,57616000,67846000,19931000,1.4616425992779782,47915000
2016-10-31,509283000,75867000,2016-12-13,1.39,1.24,57864000,136424000,15399000,1.3111260887598506,121025000
2017-01-31,407470000,49988000,2017-02-20,0.86,0.82,58023000,78007000,10079000,0.8615204315530048,67928000
2017-04-30,496137000,64523000,2017-05-22,1.35,1.31,58232000,61357000,16950000,1.108033383706553,44407000
2017-07-31,589438000,101456000,2017-08-21,1.78,1.67,58259000,76827000,22295000,1.7414648380507733,54532000
2017-10-31,573938000,79835000,2017-12-13,1.38,1.33,58301000,133482000,22234000,1.369359016140375,111248000
2018-01-31,550424000,104555000,2018-02-22,1.35,1.34,58874000,109278000,16681000,1.7759112681319429,92597000
2018-04-30,553706000,91235000,2018-05-21,1.56,1.43,58945000,103033000,16368000,1.5477987954873187,86665000
2018-07-31,581243000,94884000,2018-08-20,1.6,1.6,58912000,130616000,12923000,1.610605649103748,117693000
2018-10-31,569295000,86701000,2018-12-12,1.44,1.47,58994000,161711000,43818000,1.469657931315049,117893000
2019-01-31,497910000,48567000,2019-02-20,0.92,1.12,58372000,56847000,14121000,0.8320256287261015,42726000
2019-04-30,551119000,91923000,2019-05-20,1.54,1.6,58056000,105065000,12482000,1.583350558081852,92583000
2019-07-31,559746000,93928000,2019-08-20,1.62,1.81,58117000,74519000,19399000,1.6161880344821653,55120000
2019-10-31,585451000,102673000,2019-12-11,1.79,1.79,58255000,146462000,18242000,1.762475324006523,128220000
2020-01-31,494916000,52004000,2020-02-19,0.89,1.04,58524000,116275000,13880000,0.8885927141001982,102395000
2020-04-30,529478000,92079000,2020-05-20,1.58,1.26,58260000,101904000,11954000,1.5804840370751803,89950000
2020-07-31,538181000,86981000,2020-08-19,1.42,1.34,58427000,91779000,10261000,1.4887124103582248,81518000
2020-10-31,558525000,18475000,2020-12-15,1.59,1.53,58679000,192463000,14439000,0.3148485829683532,178024000
2021-01-31,526566000,77582000,2021-02-22,1.32,1.06,58755000,143289000,7917000,1.3204323036337333,135372000
2021-04-30,589538000,124144000,2021-05-24,2.12,1.64,58652000,104425000,10826000,2.116620064106936,93599000
2021-07-31,646858000,142182000,2021-08-30,2.42,2.08,58735000,127742000,9330000,2.420737209500298,118412000
2021-10-31,599247000,110460000,2021-12-15,1.88,2.1,58792000,170471000,10230000,1.8788270512994965,160241000
2022-01-31,609166000,120409000,2022-02-22,2.07,1.91,58819000,118087000,12491000,2.047110627518319,105596000
2022-04-30,635403000,109634000,2022-05-23,2.43,2.29,58382000,96414000,12285000,1.87787331711829,84129000
2022-07-31,662128000,141811000,2022-08-22,2.49,2.44,57969000,125190000,14597000,2.4463247597854028,110593000
2022-10-31,683581000,141249000,2022-12-14,2.44,2.33,57823000,173440000,12055000,2.4427822838662814,161385000
2023-01-31,610477000,104261000,2023-02-20,1.95,1.97,57762000,123337000,9302000,1.8050102143277587,114035000
2023-04-30,650165000,127563000,2023-05-22,2.26,2.11,57680000,164568000,6047000,2.2115638002773923,158521000
2023-07-31,648677000,127891000,2023-08-21,2.35,2.32,57530000,190167000,8895000,2.223031461845993,181272000
2023-10-31,719313000,127778000,2023-12-13,2.46,2.39,57552000,163210000,10339000,2.220218237420072,152871000
2024-01-31,633193000,109572000,2024-02-21,2.21,2.04,57555000,172356000,7530000,1.9037789940057337,164826000
2024-04-30,650642000,118217000,2024-05-20,2.34,2.32,57681000,122608000,14377000,2.0494963679547857,108231000
2024-07-31,661604000,117327000,2024-08-21,2.41,2.33,57624000,164848000,21879000,2.0360787172011663,142969000
2024-10-31,744482000,122168000,2024-12-11,2.78,2.59,57603000,96381000,20624000,2.120861760672187,75757000
2025-01-31,615420000,94652000,2025-02-19,2.06,2.0786,57486000,159122000,21399000,1.6465226315972585,137723000
2025-04-30,682938000,112404000,2025-05-19,2.42,2.42,57038000,119170000,16040000,1.9706862091938708,103130000
2025-07-31,741509000,125784000,2025-08-21,2.22,2.63,57038000,237972000,11563000,2.2052666643290437,226409000
2025-10-31,751820000,151634000,2025-12-10,3.03,2.93,56417000,202911000,9058000,2.687735966109506,193853000
