fiscalDateEnding,totalRevenue,netIncome,reportedDate,reportedEPS,estimatedEPS,commonStockSharesOutstanding,operatingCashflow,capitalExpenditures,eps_computed_simple,freeCashFlow
2005-09-30,3504000000,339000000,2005-11-04,0.25,0.24,1559200000,1722000000,297000000,0.21741918932786045,1425000000
2005-12-31,3164000000,206000000,2006-01-27,0.12,0.1,1556800000,-969000000,468000000,0.13232271325796505,-1437000000
2006-03-31,3584000000,248000000,2006-05-02,0.14,0.12,1571600000,-117000000,548000000,0.15780096716721811,-665000000
2006-06-30,3809000000,238000000,2006-07-28,0.17,0.18,1586800000,591000000,1567000000,0.14998739601714142,-976000000
2006-09-30,4694000000,524000000,2006-10-30,0.29,0.27,1590400000,946000000,812000000,0.32947686116700203,134000000
2006-12-31,3623000000,271000000,2007-01-26,0.16,0.13,1587200000,1078000000,523000000,0.17074092741935484,555000000
2007-03-31,3075000000,150000000,2007-04-30,0.18,0.15,1598800000,1219000000,559000000,0.09382036527395547,660000000
2007-06-30,3929000000,405000000,2007-07-30,0.22,0.2,1601600000,631000000,339000000,0.25287212787212787,292000000
2007-09-30,4575000000,533000000,2007-10-30,0.31,0.31,1603600000,896000000,413000000,0.332377151409329,483000000
2007-12-31,3684000000,224000000,2008-01-28,0.18,0.17,1596400000,847000000,546000000,0.14031571034828363,301000000
2008-03-31,3434000000,249000000,2008-04-30,0.19,0.2,1608000000,1317000000,649000000,0.15485074626865672,668000000
2008-06-30,3585000000,209000000,2008-07-31,0.23,0.23,1610400000,751000000,1747000000,0.12978142076502733,-996000000
2008-09-30,5387000000,774000000,2008-10-27,0.31,0.34,1612000000,291000000,699000000,0.4801488833746898,-408000000
2008-12-31,4003000000,407000000,2009-01-27,0.23,0.22,1609200000,1044000000,577000000,0.25292070594084015,467000000
2009-03-31,3705000000,364000000,2009-04-28,0.23,0.19,1619200000,1043000000,654000000,0.22480237154150198,389000000
2009-06-30,3811000000,370000000,2009-07-28,0.25,0.24,1624000000,1101000000,621000000,0.22783251231527094,480000000
2009-09-30,4473000000,533000000,2009-10-27,0.35,0.35,1632000000,1182000000,881000000,0.32659313725490197,301000000
2009-12-31,3655000000,348000000,2010-01-26,0.2,0.19,1658694152,1137000000,782000000,0.20980359735421555,355000000
2010-03-31,3622000000,556000000,2010-04-27,0.24,0.22,1658690152,896000000,846000000,0.33520425700338996,50000000
2010-06-30,3591000000,417000000,2010-07-23,0.28,0.26,1645600000,852000000,743000000,0.25340301409820126,109000000
2010-09-30,4691000000,720000000,2010-10-29,0.36,0.36,1654800000,1021000000,663000000,0.43509789702683105,358000000
2010-12-31,3413000000,263000000,2011-01-25,0.2,0.22,1672000000,1065000000,695000000,0.15729665071770335,370000000
2011-03-31,3134000000,268000000,2011-04-29,0.24,0.24,1672000000,983000000,811000000,0.16028708133971292,172000000
2011-06-30,3961000000,580000000,2011-07-27,0.3,0.27,1689360516,1008000000,975000000,0.34332517808176355,33000000
2011-09-30,4382000000,407000000,2011-11-04,0.33,0.35,1679200000,1126000000,877000000,0.24237732253454025,249000000
2011-12-31,3865000000,667000000,2012-01-27,0.23,0.23,1676000000,957000000,1364000000,0.3979713603818616,-407000000
2012-03-31,3371000000,461000000,2012-04-25,0.26,0.24,1660000000,558000000,1274000000,0.277710843373494,-716000000
2012-06-30,3667000000,607000000,2012-07-26,0.32,0.29,1691031392,1370000000,1300000000,0.35895253208877154,70000000
2012-09-30,3843000000,415000000,2012-10-24,0.32,0.35,1692824308,1229000000,1090000000,0.24515243433047396,139000000
2012-12-31,3375000000,429000000,2013-01-29,0.26,0.24,1696000000,835000000,1206000000,0.2529481132075472,-371000000
2013-03-31,3279000000,272000000,2013-04-30,0.28,0.25,1698552320,1082000000,895000000,0.1601363683633837,187000000
2013-06-30,3833000000,610000000,2013-07-30,0.37,0.32,1700000000,1168000000,749000000,0.3588235294117647,419000000
2013-09-30,4394000000,698000000,2013-11-01,0.36,0.35,1707200000,1140000000,771000000,0.40885660731021556,369000000
2013-12-31,3630000000,327000000,2014-01-28,0.24,0.24,1740000000,1712000000,813000000,0.1879310344827586,899000000
2014-03-31,3674000000,430000000,2014-04-30,0.32,0.27,1752000000,1017000000,1114000000,0.2454337899543379,-97000000
2014-06-30,4029000000,492000000,2014-07-29,0.36,0.36,1760000000,1431000000,689000000,0.27954545454545454,742000000
2014-09-30,4654000000,660000000,2014-10-31,0.39,0.38,1760000000,1520000000,784000000,0.375,736000000
2014-12-31,4664000000,884000000,2015-01-27,0.26,0.27,1793103448,1532000000,916000000,0.49300000007584616,616000000
2015-03-31,4104000000,650000000,2015-04-29,0.35,0.32,1796000000,1181000000,917000000,0.3619153674832962,264000000
2015-06-30,4358000000,716000000,2015-08-03,0.39,0.37,1796800000,1753000000,947000000,0.39848619768477295,806000000
2015-09-30,4954000000,879000000,2015-10-28,0.4,0.41,1824000000,1579000000,1119000000,0.4819078947368421,460000000
2015-12-31,4069000000,507000000,2016-01-28,0.29,0.27,1848000000,1603000000,889000000,0.27435064935064934,714000000
2016-03-31,3835000000,636000000,2016-04-28,0.39,0.35,1852000000,1545000000,1265000000,0.3434125269978402,280000000
2016-06-30,3817000000,540000000,2016-07-27,0.42,0.39,1862068966,1725000000,1082000000,0.2899999999248148,643000000
2016-09-30,4805000000,753000000,2016-10-31,0.44,0.42,1864000000,2024000000,972000000,0.40396995708154504,1052000000
2016-12-31,3698000000,966000000,2017-01-27,0.3,0.32,1876000000,1042000000,921000000,0.5149253731343284,121000000
2017-03-31,3972000000,1583000000,2017-04-21,0.44,0.39,1880800000,1258000000,1842000000,0.8416631220757125,-584000000
2017-06-30,4404000000,793000000,2017-07-26,0.47,0.44,1886800000,1993000000,989000000,0.42028831884672463,1004000000
2017-09-30,4808000000,847000000,2017-10-26,0.46,0.44,1894000000,2078000000,1078000000,0.44720168954593453,1000000000
2017-12-31,4010000000,2155000000,2018-01-26,0.31,0.33,1896000000,1253000000,1536000000,1.136603375527426,-283000000
2018-03-31,3857000000,4431000000,2018-04-24,0.49,0.46,1896000000,1290000000,1288000000,2.337025316455696,2000000
2018-06-30,4063000000,781000000,2018-07-25,0.53,0.52,1900800000,1643000000,1415000000,0.41087962962962965,228000000
2018-09-30,4416000000,1005000000,2018-10-23,0.55,0.54,1909600000,2292000000,1729000000,0.5262882279011312,563000000
2018-12-31,4376000000,422000000,2019-01-25,0.37,0.38,1924000000,1368000000,1578000000,0.21933471933471935,-210000000
2019-03-31,4075000000,680000000,2019-04-23,0.55,0.51,1927200000,1597000000,5886000000,0.352843503528435,-4289000000
2019-06-30,4970000000,1234000000,2019-07-24,0.59,0.58,1931200000,1684000000,1505000000,0.6389809444904723,179000000
2019-09-30,5572000000,879000000,2019-10-22,0.6,0.57,1955103612,2962000000,2342000000,0.44959254057170656,620000000
2019-12-31,4588000000,975000000,2020-01-24,0.36,0.37,1964000000,1912000000,1344000000,0.4964358452138493,568000000
2020-03-31,4613000000,421000000,2020-04-22,0.6,0.56,1968000000,1894000000,1792000000,0.21392276422764228,102000000
2020-06-30,4204000000,1275000000,2020-07-24,0.65,0.63,1967300000,1898000000,1954000000,0.6480963757434046,-56000000
2020-09-30,4785000000,1229000000,2020-10-21,0.67,0.65,1959074124,2839000000,1307000000,0.6273371614396352,1532000000
2020-12-31,4395000000,-5000000,2021-01-26,0.4,0.37,1972000000,1352000000,2355000000,-0.002535496957403651,-1003000000
2021-03-31,3726000000,1666000000,2021-04-21,0.67,0.59,1973000000,1292000000,1576000000,0.8443993917891536,-284000000
2021-06-30,3927000000,256000000,2021-07-23,0.71,0.7,1970300000,2203000000,1866000000,0.12992945236765974,337000000
2021-09-30,4370000000,447000000,2021-10-20,0.75,0.71,1972900000,2741000000,1764000000,0.22657002382279892,977000000
2021-12-31,5046000000,1204000000,2022-01-25,0.41,0.4,1975000000,1317000000,2624000000,0.6096202531645569,-1307000000
2022-03-31,2890000000,-451000000,2022-04-21,0.74,0.71,1974000000,1962000000,2300000000,-0.22847011144883486,-338000000
2022-06-30,5183000000,1380000000,2022-07-22,0.81,0.73,1973000000,2831000000,2225000000,0.6994424733907755,606000000
2022-09-30,6719000000,1696000000,2022-10-28,0.85,0.8,1978900000,2474000000,2052000000,0.857041790893931,422000000
2022-12-31,6164000000,1522000000,2023-01-25,0.51,0.49,1993000000,995000000,3165000000,0.7636728549924736,-2170000000
2023-03-31,6716000000,2086000000,2023-04-25,0.84,0.72,2005100000,1673000000,2294000000,1.0403471148571144,-621000000
2023-06-30,7349000000,2795000000,2023-07-25,0.88,0.82,2027200000,3086000000,2504000000,1.3787490134175218,582000000
2023-09-30,7172000000,1219000000,2023-10-24,0.94,0.87,2036200000,3664000000,2656000000,0.5986641783714762,1008000000
2023-12-31,6878000000,1210000000,2024-01-25,0.52,0.49,2054000000,2878000000,2094000000,0.5890944498539435,784000000
2024-03-31,5731000000,2268000000,2024-04-23,0.91,0.78,2055200000,3077000000,2468000000,1.103542234332425,609000000
2024-06-30,6069000000,1622000000,2024-07-24,0.96,0.98,2058199999,3933000000,2143000000,0.7880672436051245,1790000000
2024-09-30,7567000000,1852000000,2024-10-23,0.9,0.84,2061400000,4269000000,2061000000,0.8984185504996605,2208000000
2024-12-31,5385000000,1203000000,2025-01-24,0.53,0.53,2062000000,1981000000,1842000000,0.5834141610087293,139000000
2025-03-31,6247000000,833000000,2025-04-22,0.99,0.98,2059000000,2769000000,2501000000,0.4045653229723167,268000000
2025-06-30,6700000000,2028000000,2025-07-23,1.05,1.01,2061300000,3189000000,2501000000,0.9838451462669189,688000000
2025-09-30,7966000000,2438000000,2025-10-23,1.13,0.95,2061300000,4028000000,2482000000,1.1827487507883374,1546000000
