fiscalDateEnding,totalRevenue,netIncome,reportedDate,reportedEPS,estimatedEPS,commonStockSharesOutstanding,operatingCashflow,capitalExpenditures,eps_computed_simple,freeCashFlow
2005-08-31,16778000,2140000,2005-09-29,0.03,0.02,74512481,1758000,291000,0.02872002074390732,1467000
2005-11-30,18256000,2213000,2006-01-05,0.03,0.03,75756503,1120000,788000,0.029212013653798143,332000
2006-02-28,17583000,1632000,2006-03-23,0.02,0.02,77962481,3839000,469000,0.02093314603469328,3370000
2006-05-31,19816000,1956000,2006-07-25,0.02,0.02,73439982,5596000,1144000,0.02663399345604415,4452000
2006-08-31,20220000,2406000,2006-09-26,0.03,0.03,84917626,-343000,903000,0.02833334035975052,-1246000
2006-11-30,22189000,2426000,2007-01-04,0.03,0.03,85623508,2942000,1002000,0.028333340418614943,1940000
2007-02-28,21054000,1990000,2007-03-27,0.02,0.02,85285693,1305000,866000,0.023333339156897042,439000
2007-05-31,22675000,2303000,2007-07-24,0.03,0.03,81409071,6254000,1933000,0.02828923081556845,4321000
2007-08-31,22909000,3011000,2007-09-27,0.04,0.03,86028550,-280000,564000,0.035000008718036046,-844000
2007-11-30,27210000,3254000,2008-01-03,0.04,0.04,88745432,2539000,468000,0.036666675981700106,2071000
2008-02-29,25180000,2658000,2008-03-25,0.03,0.03,88599978,4047000,803000,0.03000000744921178,3244000
2008-05-31,27119000,3175000,2008-07-22,0.04,0.03,83936821,1567000,636000,0.037826069205075086,931000
2008-08-31,28805000,3733000,2008-09-24,0.04,0.04,90185977,2835000,578000,0.04139224438406871,2257000
2008-11-30,31187000,3901000,2009-01-06,0.04,0.04,90023054,2282000,923000,0.043333344367543894,1359000
2009-02-28,27840000,2823000,2009-03-19,0.03,0.03,90731977,1254000,362000,0.031113617198046947,892000
2009-05-31,30890000,3417000,2009-07-21,0.04,0.04,88631977,4614000,973000,0.03855267721264979,3641000
2009-08-31,32347000,4395000,2009-09-24,0.05,0.04,90931012,9130000,961000,0.04833334528378503,8169000
2009-11-30,35251000,4610000,2009-12-18,0.05,0.05,92103976,7367000,561000,0.050052128042767666,6806000
2010-02-28,33832000,3881000,2010-03-29,0.04,0.04,92751976,5114000,922000,0.04184277432536855,4192000
2010-05-31,39078000,4634000,2010-07-20,0.05,0.05,89123977,6377000,2987000,0.05199498671384469,3390000
2010-08-31,42923000,5824000,2010-09-23,0.06,0.06,93779976,11546000,1574000,0.06210280966589286,9972000
2010-11-30,43931000,6110000,2011-01-04,0.07,0.06,94915976,8013000,1849000,0.06437272477712287,6164000
2011-02-28,42235000,4943000,2011-03-22,0.05,0.05,94152357,4402000,1930000,0.05250001335601189,2472000
2011-05-31,43595000,5961000,2011-07-26,0.06,0.06,92759692,4882000,2443000,0.06426282657342157,2439000
2011-08-31,45697000,6004000,2011-09-27,0.06,0.07,96063976,1347000,6827000,0.06250001561459417,-5480000
2011-11-30,44891000,5237000,2011-12-22,0.06,0.07,95218158,4827000,2070000,0.055000013757880085,2757000
2012-02-29,44912000,5244000,2012-03-27,0.06,0.05,95345431,7061000,1923000,0.055000013582192524,5138000
2012-05-31,48545000,6028000,2012-07-24,0.06,0.07,96347975,9042000,1593000,0.06256488525057222,7449000
2012-08-31,49729000,6714000,2012-09-25,0.07,0.07,96791975,4444000,1923000,0.06936525471249037,2521000
2012-11-30,50737000,6793000,2012-12-20,0.07,0.07,97067975,6890000,1447000,0.06998188640486216,5443000
2013-02-28,51055000,6652000,2013-03-26,0.07,0.07,97607975,8385000,3432000,0.0681501690819833,4953000
2013-05-31,56006000,7032000,2013-07-23,0.07,0.08,97839975,6842000,2095000,0.07187246317264492,4747000
2013-08-31,58548000,7839000,2013-09-24,0.08,0.08,98711975,5508000,2041000,0.07941285745726392,3467000
2013-11-30,59599000,6207000,2013-12-19,0.06,0.08,99663975,5221000,2450000,0.06227927393022403,2771000
2014-02-28,61996000,6575000,2014-03-25,0.07,0.07,99287975,6433000,2856000,0.06622151373315852,3577000
2014-05-31,67262000,7537000,2014-07-22,0.08,0.08,99535975,4506000,4196000,0.07572136606890122,310000
2014-08-31,67599000,8883000,2014-09-22,0.09,0.09,99439975,10425000,2511000,0.08933027185495572,7914000
2014-11-30,68455000,7806000,2014-12-18,0.08,0.08,99677308,12942000,2194000,0.07831270884643073,10748000
2015-02-28,68409000,7454000,2015-03-26,0.08,0.09,100095974,10104000,2156000,0.0744685295734272,7948000
2015-05-31,78611000,9384000,2015-07-21,0.09,0.09,100394641,10321000,2758000,0.09347112461909197,7563000
2015-08-31,74860000,9323000,2015-09-21,0.09,0.1,100679974,6600000,2821000,0.09260034175217408,3779000
2015-11-30,79610000,9073000,2015-12-21,0.09,0.1,100981308,14261000,4994000,0.08984831133302412,9267000
2016-02-29,76725000,8311000,2016-03-23,0.08,0.09,101221308,7151000,3330000,0.08210721797825414,3821000
2016-05-31,90079000,9857000,2016-07-19,0.1,0.1,101154641,7319000,3077000,0.0974448616747105,4242000
2016-08-31,83645000,9881000,2016-09-27,0.1,0.1,101773307,20276000,3446000,0.09708832592027299,16830000
2016-11-30,90717000,11151000,2016-12-21,0.11,0.1,102031974,9273000,2792000,0.10928927043987212,6481000
2017-02-28,88385000,10287000,2017-03-21,0.1,0.1,102757307,15639000,6764000,0.1001096690865984,8875000
2017-05-31,98847000,12474000,2017-07-18,0.12,0.12,103010640,15086000,1576000,0.12109428695909472,13510000
2017-08-31,95256000,11914000,2017-09-19,0.12,0.12,103135974,18671000,4415000,0.11551740423763293,14256000
2017-11-30,100698000,17100000,2018-01-03,0.13,0.13,103922233,8736000,5994000,0.1645461178648846,2742000
2018-02-28,94903000,16586000,2018-03-22,0.11,0.12,103662500,19169000,5888000,0.16,13281000
2018-05-31,108120000,17545000,2018-07-17,0.17,0.15,106333333,22555000,4649000,0.16500000051724137,17906000
2018-08-31,99626000,15237000,2018-09-25,0.14,0.14,105560000,16082000,1918000,0.14434444865479348,14164000
2018-11-30,107098000,16051000,2018-12-20,0.16,0.15,104163752,16501000,4802000,0.15409391167092368,11699000
2019-02-28,97700000,13073000,2019-03-26,0.13,0.14,104584000,10382000,5157000,0.125,5225000
2019-05-31,109762000,15815000,2019-07-23,0.15,0.15,105433333,20877000,2784000,0.1500000004742333,18093000
2019-08-31,101424000,14652000,2019-09-24,0.14,0.15,105368000,23719000,6469000,0.13905550072128162,17250000
2019-11-30,107803000,16276000,2019-12-23,0.16,0.16,105421266,16753000,6337000,0.15439010189841582,10416000
2020-02-29,99869000,12200000,2020-03-24,0.12,0.14,106086957,19778000,3516000,0.11499999948155738,16262000
2020-05-31,109074000,16347000,2020-07-21,0.16,0.15,106244000,25628000,7730000,0.15386280637024208,17898000
2020-08-31,109325000,15860000,2020-09-22,0.15,0.14,106570000,25134000,4248000,0.14882237027305997,20886000
2020-11-30,115000000,15885000,2020-12-22,0.15,0.16,106488114,22390000,6844000,0.14917157796596905,15546000
2021-02-28,116709000,13377000,2021-03-23,0.13,0.13,107390000,11596000,8301000,0.12456467082596145,3295000
2021-05-31,127425000,15760000,2021-07-20,0.15,0.17,108044000,21969000,7319000,0.14586649883380845,14650000
2021-08-31,128305000,17077000,2021-09-21,0.16,0.16,108109000,23210000,1295000,0.15796094682218872,21915000
2021-11-30,130517000,10828000,2021-12-21,0.1,0.17,108122000,17847000,3940000,0.10014613122213796,13907000
2022-02-28,128244000,5443000,2022-03-24,0.05,0.15,108133000,6591000,6656000,0.050336160099137175,-65000
2022-05-31,140093000,14959000,2022-07-26,0.14,0.12,107858000,20390000,12538000,0.13869161304678373,7852000
2022-08-31,132348999,5209000,2022-09-27,0.05,0.14,107857477,-14143000,12996000,0.04829521461919603,-27139000
2022-11-30,230033000,-41841000,2023-01-05,-0.19,0.03,220215789,-18726000,12106000,-0.19000000040869003,-30832000
2023-02-28,218255000,8190000,2023-03-30,0.04,-0.01,216399000,-17069000,15151000,0.03784675529923891,-32220000
2023-05-31,241810000,5572000,2023-07-27,0.14,-0.04,216442000,90966000,25504000,0.025743617227709965,65462000
2023-08-31,228987000,1503000,2023-10-10,0.11,0.13,216846106,23009000,30630000,0.006931182799289003,-7621000
2023-11-30,229629000,-3487000,2024-01-09,0.11,0.14,216410493,15325000,24416000,-0.016112897076575674,-9091000
2024-02-29,228812000,-2022000,2024-04-09,0.12,0.14,216597777,-30261000,32121000,-0.009335275864811853,-62382000
2024-05-31,236794000,-5415000,2024-07-30,0.1,0.12,216610641,26653000,24254000,-0.024998771874739062,2399000
2024-08-31,216964000,-12609000,2024-10-08,0.07,0.08,216695348,-17914000,38433000,-0.05818768199860017,-56347000
2024-11-30,231258000,-456282000,2025-01-07,0.11,0.09,216813788,40253000,17157000,-2.104487930444719,23096000
2025-02-28,220980000,-10957000,2025-04-07,0.1,0.115,217031907,19363000,32869000,-0.05048566430372839,-13506000
2025-05-31,225459000,-612196000,2025-07-29,0.05,-0.03,217040499,14523000,16136000,-2.8206533012071633,-1613000
2025-08-31,209189000,36338000,2025-10-08,0.04,-0.0333,217040499,10853000,24002000,0.16742497445142715,-13149000
