fiscalDateEnding,totalRevenue,netIncome,reportedDate,reportedEPS,estimatedEPS,commonStockSharesOutstanding,operatingCashflow,capitalExpenditures,eps_computed_simple,freeCashFlow
2005-09-30,270932000,13401000,2005-10-26,0.59,0.4,17317000,45914000,6675000,0.7738638332274643,39239000
2005-12-31,293656000,11151000,2006-01-31,0.643,,17122000,10129000,4081000,0.651267375306623,6048000
2006-03-31,301950000,13772000,2006-04-25,0.7918,,17394000,6349000,4329000,0.7917672760722088,2020000
2006-06-30,330066000,20369000,2006-07-26,1.1699,,17411000,10306000,5704000,1.1698925966343117,4602000
2006-09-30,325119000,18921000,2006-10-25,1.0869,,17409000,26370000,4357000,1.0868516284680338,22013000
2006-12-31,306162000,4460000,2007-02-03,0.2561,,17294000,-5949000,16247000,0.25789291083612814,-22196000
2007-03-31,309796000,16242000,2007-04-25,0.9328,,17412000,28188000,12406000,0.9328049620951068,15782000
2007-06-30,344013000,30926000,2007-07-27,1.0,0.97,17411000,17722000,15493000,1.7762334156567687,2229000
2007-09-30,356946000,21157000,2007-10-30,1.19,0.95,16887000,34760000,3715000,1.2528572274530705,31045000
2007-12-31,364119000,12442000,2008-01-31,0.96,1.0,15459000,28907000,7942000,0.8048386053431658,20965000
2008-03-31,382350000,19772000,2008-04-23,1.14,1.01,15558000,-9244000,10162000,1.2708574366885204,-19406000
2008-06-30,425882000,17624000,2008-07-31,1.13,1.26,15556000,6377000,21834000,1.1329390588840318,-15457000
2008-09-30,440604000,16472000,2008-10-30,1.07,1.31,15365000,14430000,18881000,1.0720468597461763,-4451000
2008-12-31,368595000,19359000,2009-02-04,1.27,1.14,15203000,9085000,23742000,1.2733670985989607,-14657000
2009-03-31,337128000,28688000,2009-04-22,1.88,1.1,15241000,96669000,15305000,1.8822911882422413,81364000
2009-06-30,370921000,30658000,2009-07-28,2.5,1.59,15242000,58060000,23655000,2.011415824694922,34405000
2009-09-30,417832000,56687000,2009-10-22,3.88,2.15,15245000,39888000,27949000,3.7183994752377827,11939000
2009-12-31,404241000,46250000,2010-01-28,2.85,2.71,15118000,29827000,22224000,3.0592670988225956,7603000
2010-03-31,395126000,42138000,2010-04-21,2.78,2.62,15154000,42796000,6677000,2.7806519730764157,36119000
2010-06-30,469841000,39856000,2010-08-03,2.69,2.95,14828000,30367000,11359000,2.6878877798759104,19008000
2010-09-30,471777000,45719000,2010-10-28,3.18,3.25,14383000,32164000,7107000,3.17868316762845,25057000
2010-12-31,460648000,49412000,2011-02-03,3.47,3.15,13890000,60314000,11263000,3.557379409647228,49051000
2011-03-31,508083000,49589000,2011-04-20,3.53,2.9,13906000,16196000,24151000,3.56601466992665,-7955000
2011-06-30,578523000,52259000,2011-08-03,3.95,3.71,13856000,30977000,10639000,3.7715790993071594,20338000
2011-09-30,557396000,71361000,2011-11-01,4.06,3.79,13680000,73212000,7981000,5.216447368421052,65231000
2011-12-31,505556000,33698000,2012-02-01,2.57,3.42,13405000,64213000,10744000,2.5138381201044386,53469000
2012-03-31,562679000,66547000,2012-04-25,5.03,3.47,13405000,63090000,7432000,4.964341663558374,55658000
2012-06-30,590406000,55268000,2012-07-30,4.69,4.55,13405000,34379000,9535000,4.122939201790377,24844000
2012-09-30,554044000,64715000,2012-10-25,4.91,4.42,13406000,87860000,8477000,4.827316127107266,79383000
2012-12-31,516180000,53063000,2013-01-28,3.47,4.11,13467766,87482000,13309000,3.9400001455326743,74173000
2013-03-31,562608000,67835000,2013-04-24,5.04,4.82,13379684,27128000,16109000,5.070000158449183,11019000
2013-06-30,583779000,64010000,2013-07-30,4.61,4.87,13307692,95778000,15740000,4.810000111213875,80038000
2013-09-30,580455000,78896000,2013-10-28,4.32,4.65,13282155,85493000,15314000,5.939999947297709,70179000
2013-12-31,556371000,54001000,2014-01-30,4.01,3.55,13235539,69535000,11313000,4.080000066487659,58222000
2014-03-31,576422000,57523000,2014-04-23,4.54,5.32,12984876,4381000,9251000,4.429999947631383,-4870000
2014-06-30,620438000,66764000,2014-07-29,5.35,5.02,12732000,80135000,11403000,5.243795161797046,68732000
2014-09-30,589667000,56913000,2014-10-29,4.52,4.88,12563576,77162000,18295000,4.530000057308524,58867000
2014-12-31,548878000,52055000,2015-01-29,4.3,3.92,12483213,73280000,20767000,4.170000143392571,52513000
2015-03-31,559566000,63947000,2015-04-22,5.26,4.87,12413000,56552000,20424000,5.151615242084911,36128000
2015-06-30,560709000,58733000,2015-07-28,4.65,5.27,12407000,66629000,29623000,4.733859917788346,37006000
2015-09-30,540933000,62009000,2015-10-26,5.25,4.54,12187000,65167000,34159000,5.088126692377124,31008000
2015-12-31,479622000,53914000,2016-02-01,4.44,4.16,11980889,79679000,42293000,4.49999995826687,37386000
2016-03-31,509927000,61931000,2016-04-27,5.42,4.86,11864176,74267000,28446000,5.220000107887813,45821000
2016-06-30,521807000,64389000,2016-07-27,5.5,5.45,11858011,113714000,35843000,5.430000022769417,77871000
2016-09-30,516090000,71449000,2016-10-26,6.0,5.22,11823000,71509000,37417000,6.043220840734162,34092000
2016-12-31,501627000,45672000,2017-01-31,3.86,4.14,11832124,93944000,41168000,3.8600001149413243,52776000
2017-03-31,542818000,63937000,2017-04-26,5.39,4.04,11862152,34208000,46346000,5.39000006069725,-12138000
2017-06-30,547188000,62728000,2017-08-02,5.29,5.73,11829000,58409000,38865000,5.302899653394201,19544000
2017-09-30,548416000,59772000,2017-10-25,5.04,5.7,11859524,85134000,35762000,5.0399999190524,49372000
2017-12-31,559982000,4072000,2018-02-06,3.05,3.62,11634286,65044000,27740000,0.3499999914047153,37304000
2018-03-31,589245000,60565000,2018-04-25,5.14,5.6,11783074,10040000,22797000,5.139999969447701,-12757000
2018-06-30,598952000,52885000,2018-08-08,4.53,5.68,11674393,55740000,19804000,4.529999975159308,35936000
2018-09-30,563166000,58481000,2018-10-24,5.12,4.94,11422070,35365000,12535000,5.1200001400796875,22830000
2018-12-31,538312000,62803000,2019-02-06,5.58,4.66,11255018,96766000,19502000,5.579999960906326,77264000
2019-03-31,536616000,62205000,2019-04-24,5.57,5.81,11167864,19132000,10353000,5.5699997779342585,8779000
2019-06-30,563417000,74174000,2019-07-31,6.63,5.16,11187632,131484000,12866000,6.629999985698492,118618000
2019-09-30,555817000,67805000,2019-10-23,6.06,5.93,11188944,82631000,13913000,6.059999942800679,68718000
2019-12-31,534445000,50102000,2020-02-03,4.48,5.16,11183482,103965000,22302000,4.480000057227257,81663000
2020-03-31,559417000,85541000,2020-04-22,7.67,6.11,11136000,64461000,20106000,7.681483477011494,44355000
2020-06-30,410864000,22349000,2020-07-29,2.05,7.13,10904000,29836000,19982000,2.0496148202494497,9854000
2020-09-30,512869000,95794000,2020-10-28,8.77,8.77,10903000,122023000,20045000,8.786022195725947,101978000
2020-12-31,527781000,66884000,2021-02-03,6.12,5.6,10928758,67834000,33183000,6.120000095161774,34651000
2021-03-31,566615000,69712000,2021-04-21,6.38,6.38,10901000,49371000,20524000,6.39500963214384,28847000
2021-06-30,590721000,51952000,2021-07-28,4.75,,10901000,54683000,23870000,4.765801302632786,30813000
2021-09-30,622207000,52038000,2021-10-25,4.8,,10821000,40964000,19631000,4.808982533961741,21333000
2021-12-31,576567000,17206000,2022-02-02,1.65,,10427879,20318000,14909000,1.6499999664361276,5409000
2022-03-31,662552000,59318000,2022-04-27,5.75,,10290000,6781000,12612000,5.764625850340136,-5831000
2022-06-30,723639000,66472000,2022-08-02,6.54,6.54,10136000,17585000,15195000,6.558011049723757,2390000
2022-09-30,696049000,63226000,2022-10-25,6.32,,9965000,-8404000,12595000,6.344806823883593,-20999000
2022-12-31,682559000,90522000,2023-01-31,9.26,,9775593,93051000,15767000,9.260000902247056,77284000
2023-03-31,702789000,97583000,2023-04-27,10.09,,9643000,120469000,11881000,10.119568598983719,108588000
2023-06-30,685130000,99624000,2023-07-27,10.36,10.36,9577000,164023000,14125000,10.402422470502245,149898000
2023-09-30,667150000,111247000,2023-10-26,11.6,11.6,9590259,152161000,8787000,11.599999541201129,143374000
2023-12-31,643350000,80410000,2024-01-31,8.38,8.38,9595465,171607000,13500000,8.380000343912462,158107000
2024-03-31,696736000,107732000,2024-04-24,11.2335,11.23,9557000,102839000,13564000,11.272575075860626,89275000
2024-06-30,710228000,111620000,2024-07-29,11.6339,11.63,9560000,114964000,14969000,11.675732217573222,99995000
2024-09-30,724947000,132322000,2024-10-23,13.7902,,9595504,116552000,14167000,13.789999983325524,102385000
2024-12-31,654647000,110739000,2025-01-29,11.56,,9579498,185237000,14619000,11.560000325695563,170618000
2025-03-31,700946000,125949000,2025-04-22,13.2631,,9460000,120313000,13016000,13.31384778012685,107297000
2025-06-30,698509000,111244000,2025-07-30,2.75,0.0,9395608,161077000,16279000,11.840000136233867,144798000
2025-09-30,690311000,100269000,2025-10-22,10.6708,,9395608,142409000,20344000,10.671901169142007,122065000
