fiscalDateEnding,totalRevenue,netIncome,reportedDate,reportedEPS,estimatedEPS,commonStockSharesOutstanding,operatingCashflow,capitalExpenditures,eps_computed_simple,freeCashFlow
2005-11-30,3474700000,301100000,2005-12-20,0.14,0.13,2112982456,476500000,106200000,0.1425000000094653,370300000
2006-02-28,3612800000,325800000,2006-03-21,0.16,0.14,2118122744,214900000,67400000,0.153815448572512,147500000
2006-05-31,4005400000,332800000,2006-06-27,0.17,0.17,2025234899,714800000,101600000,0.16432661720589875,613200000
2006-08-31,4194100000,377200000,2006-09-21,0.18,0.18,2005650280,231800000,72300000,0.18806867965037255,159500000
2006-11-30,3821700000,325600000,2006-12-20,0.14,0.14,2052789116,309800000,82800000,0.15861346762908304,227000000
2007-02-28,3926900000,350800000,2007-03-22,0.17,0.17,2037101449,373200000,62000000,0.17220546388212796,311200000
2007-05-31,4383200000,437900000,2007-06-26,0.22,0.27,1998947368,963900000,96400000,0.21906529757115645,867500000
2007-08-31,4655100000,569700000,2007-09-20,0.23,0.22,2034642857,319500000,91800000,0.28000000001965947,227700000
2007-11-30,4339500000,359400000,2007-12-19,0.18,0.17,2024788732,630400000,110100000,0.1775000000345715,520300000
2008-02-29,4544400000,463800000,2008-03-19,0.23,0.2,2016521739,353900000,90400000,0.2300000000148771,263500000
2008-05-31,5088000000,490500000,2008-06-25,0.25,0.24,1948800000,632500000,156900000,0.25169334975369456,475600000
2008-08-31,5432200000,510500000,2008-09-24,0.26,0.23,1979600000,357600000,106700000,0.2578803798747222,250900000
2008-11-30,4590100000,391000000,2008-12-17,0.2,0.2,1959200000,280700000,118200000,0.19957125357288688,162500000
2009-02-28,4440800000,243800000,2009-03-18,0.25,0.2,1952400000,24100000,110400000,0.1248719524687564,-86300000
2009-05-31,4713000000,341400000,2009-06-24,0.25,0.24,1936000000,1073700000,120400000,0.17634297520661157,953300000
2009-08-31,4799000000,513000000,2009-09-29,0.26,0.24,1966400000,709000000,80500000,0.26088283157038245,628500000
2009-11-30,4405000000,375000000,2009-12-17,0.19,0.18,1978000000,668100000,92100000,0.18958543983822043,576000000
2010-02-28,4733000000,497000000,2010-03-17,0.25,0.22,1969200000,511900000,67500000,0.25238675604306315,444400000
2010-05-31,5076900000,521900000,2010-06-23,0.27,0.26,1918400000,1275200000,95000000,0.27204962468723937,1180200000
2010-08-31,5175000000,559000000,2010-09-23,0.28,0.25,1954400000,212000000,89000000,0.2860212853049529,123000000
2010-11-30,4842000000,457000000,2010-12-21,0.24,0.22,1950400000,435000000,102000000,0.23431091058244463,333000000
2011-02-28,5079000000,523000000,2011-03-17,0.27,0.28,1942000000,323000000,112000000,0.26930998970133885,211000000
2011-05-31,5766000000,594000000,2011-06-27,0.31,0.29,1860000000,842000000,129000000,0.3193548387096774,713000000
2011-08-31,6081000000,645000000,2011-09-22,0.34,0.3,1897200000,87000000,114000000,0.33997469955724224,-27000000
2011-11-30,5546000000,469000000,2011-12-20,0.25,0.24,1874000000,510000000,145000000,0.2502668089647812,365000000
2012-02-29,5656000000,560000000,2012-03-22,0.3,0.29,1869200000,328000000,120000000,0.2995934089450032,208000000
2012-05-31,6470000000,549000000,2012-06-28,0.29,0.34,1872400000,974000000,218000000,0.293206579790643,756000000
2012-08-31,6474000000,567000000,2012-09-27,0.31,0.28,1845600000,535000000,107000000,0.3072171651495449,428000000
2012-11-30,5955000000,384000000,2012-12-20,0.28,0.25,1826400000,710000000,143000000,0.2102496714848883,567000000
2013-02-28,6187000000,866000000,2013-03-21,0.48,0.33,1823400000,423000000,151000000,0.47493693100800705,272000000
2013-05-31,6697000000,668000000,2013-06-27,0.38,0.37,1826800000,1359000000,235000000,0.36566673965403984,1124000000
2013-08-31,6971000000,779000000,2013-09-26,0.43,0.39,1821400000,597000000,215000000,0.42769298341934775,382000000
2013-11-30,6431000000,534000000,2013-12-19,0.3,0.28,1821200000,332000000,213000000,0.29321326597847575,119000000
2014-02-28,6972000000,682000000,2014-03-20,0.38,0.36,1809600000,754000000,242000000,0.3768788682581786,512000000
2014-05-31,7425000000,691000000,2014-06-26,0.39,0.38,1790400000,1320000000,210000000,0.3859472743521001,1110000000
2014-08-31,7982000000,962000000,2014-09-25,0.55,0.44,1772400000,588000000,262000000,0.5427668697810878,326000000
2014-11-30,7380000000,655000000,2014-12-18,0.37,0.35,1769600000,647000000,225000000,0.37014014466546113,422000000
2015-02-28,7460000000,791000000,2015-03-19,0.45,0.42,1767600000,2103000000,236000000,0.4474994342611451,1867000000
2015-05-31,7779000000,865000000,2015-06-25,0.49,0.42,1759600000,1342000000,240000000,0.4915889974994317,1102000000
2015-08-31,8414000000,1179000000,2015-09-24,0.67,0.6,1754600000,491000000,327000000,0.6719480223412744,164000000
2015-11-30,7686000000,785000000,2015-12-22,0.45,0.43,1751400000,545000000,288000000,0.44821285828480073,257000000
2016-02-29,8032000000,950000000,2016-03-22,0.55,0.48,1737300000,876000000,286000000,0.5468255338744028,590000000
2016-05-31,8244000000,846000000,2016-06-28,0.49,0.48,1723100000,1184000000,242000000,0.4909755672915095,942000000
2016-08-31,9061000000,1249000000,2016-09-27,0.73,0.56,1708900000,721000000,277000000,0.7308795131371058,444000000
2016-11-30,8180000000,842000000,2016-12-20,0.5,0.43,1693200000,963000000,235000000,0.49728325064965745,728000000
2017-02-28,8432000000,1141000000,2017-03-21,0.68,0.53,1686300000,1067000000,264000000,0.6766293067662931,803000000
2017-05-31,8677000000,1008000000,2017-06-29,0.6,0.5,1678600000,889000000,329000000,0.6005004170141784,560000000
2017-08-31,9070000000,950000000,2017-09-26,0.57,0.48,1676900000,575000000,270000000,0.5665215576361142,305000000
2017-11-30,8554000000,767000000,2017-12-21,0.46,0.4,1660900000,1323000000,228000000,0.4617978204587874,1095000000
2018-02-28,8984000000,-921000000,2018-03-22,0.68,0.53,1623500000,787000000,230000000,-0.5672928857406837,557000000
2018-05-31,9789000000,1137000000,2018-06-28,0.69,0.64,1641200000,2270000000,300000000,0.692785766512308,1970000000
2018-08-31,9948000000,1092000000,2018-09-25,0.67,0.63,1634400000,1301000000,343000000,0.6681350954478708,958000000
2018-11-30,9374000000,847000000,2018-12-20,0.52,0.46,1620700000,1524000000,287000000,0.522613685444561,1237000000
2019-02-28,9611000000,1101000000,2019-03-21,0.68,0.65,1609600000,1068000000,216000000,0.6840208747514911,852000000
2019-05-31,10184000000,989000000,2019-06-27,0.62,0.66,1607500000,2010000000,273000000,0.6152410575427683,1737000000
2019-08-31,10660000000,1367000000,2019-09-24,0.86,0.71,1597500000,394000000,284000000,0.8557120500782472,110000000
2019-11-30,10326000000,1115000000,2019-12-19,0.7,0.58,1594400000,912000000,238000000,0.6993226292022078,674000000
2020-02-29,10104000000,847000000,2020-03-24,0.78,0.56,1591600000,1180000000,275000000,0.5321688866549384,905000000
2020-05-31,6313000000,-790000000,2020-06-25,-0.51,0.04,1555700000,-1000000,289000000,-0.5078099890724432,-290000000
2020-08-31,10594000000,1518000000,2020-09-22,0.95,0.5,1593300000,882000000,176000000,0.9527395970627001,706000000
2020-11-30,11243000000,1251000000,2020-12-18,0.78,0.62,1609500000,2473000000,168000000,0.777260018639329,2305000000
2021-02-28,10357000000,1449000000,2021-03-18,0.9,0.75,1616900000,1290000000,177000000,0.8961593172119487,1113000000
2021-05-31,12344000000,1509000000,2021-06-24,0.93,0.51,1614900000,2012000000,174000000,0.9344231840980866,1838000000
2021-08-31,12248000000,1874000000,2021-09-23,1.16,1.12,1619600000,1111000000,184000000,1.1570758211904173,927000000
2021-11-30,11357000000,1337000000,2021-12-20,0.83,0.63,1617400000,2757000000,178000000,0.8266353406702115,2579000000
2022-02-28,10871000000,1396000000,2022-03-21,0.87,0.72,1610700000,169000000,154000000,0.8667039175513752,15000000
2022-05-31,12234000000,1439000000,2022-06-27,1.0,0.81,1595000000,1151000000,242000000,0.9021943573667711,909000000
2022-08-31,12687000000,1468000000,2022-09-29,0.93,0.92,1585800000,357000000,264000000,0.9257157270778156,93000000
2022-11-30,13315000000,1331000000,2022-12-20,0.85,0.66,1572400000,1001000000,236000000,0.8464767234800306,765000000
2023-02-28,12390000000,1240000000,2023-03-21,0.79,0.55,1564800000,2230000000,200000000,0.7924335378323109,2030000000
2023-05-31,12825000000,1031000000,2023-06-29,0.66,0.67,1556300000,2253000000,269000000,0.6624686757051982,1984000000
2023-08-31,12939000000,1450000000,2023-09-28,0.94,0.76,1543300000,-66000000,253000000,0.939545130564375,-319000000
2023-11-30,13388000000,1578000000,2023-12-21,1.03,0.85,1532100000,2817000000,205000000,1.0299588799686705,2612000000
2024-02-29,12429000000,1172000000,2024-03-21,0.98,0.76,1526500000,2059000000,141000000,0.7677694071405176,1918000000
2024-05-31,12606000000,1500000000,2024-06-27,1.01,0.84,1516700000,2619000000,213000000,0.9889892529834509,2406000000
2024-08-31,11589000000,1051000000,2024-10-01,0.7,0.53,1502000000,394000000,120000000,0.699733688415446,274000000
2024-11-30,12354000000,1163000000,2024-12-19,0.78,0.63,1490000000,1049000000,129000000,0.7805369127516778,920000000
2025-02-28,11269000000,794000000,2025-03-20,0.54,0.28,1491000000,1792000000,81000000,0.5325285043594903,1711000000
2025-05-31,11097000000,211000000,2025-06-26,0.14,0.12,1477700000,463000000,100000000,0.14278947012248766,363000000
2025-08-31,11720000000,727000000,2025-09-30,0.49,0.27,1479000000,222000000,207000000,0.49154834347532117,15000000
2025-11-30,12427000000,792000000,2025-12-18,0.53,0.38,1480000000,579000000,193000000,0.5351351351351351,386000000
