fiscalDateEnding,totalRevenue,netIncome,reportedDate,reportedEPS,estimatedEPS,commonStockSharesOutstanding,operatingCashflow,capitalExpenditures,eps_computed_simple,freeCashFlow
2013-09-30,2161000,-13873000,2013-11-27,-0.2493,,55637480,-6341366,2313282,-0.2493463039663191,-8654648
2013-12-31,2179656,-13084538,2014-03-10,-0.23,-0.2,57238730,-7030351,1296046,-0.22859588254316615,-8326397
2014-03-31,4247000,-15055000,2014-05-13,-0.26,-0.22,58061299,-11991000,1664000,-0.2592949220788188,-13655000
2014-06-30,4513000,-12855000,2014-08-07,-0.22,-0.25,58289801,-6034000,2606000,-0.22053600766281567,-8640000
2014-09-30,6616000,-10976000,2014-11-07,-0.19,-0.23,58363334,-1565000,2371000,-0.18806327959262917,-3936000
2014-12-31,6832000,-10021000,2015-02-19,-0.17,-0.2,58281425,-1414000,1579000,-0.17194157486712106,-2993000
2015-03-31,10393000,-7820000,2015-05-05,-0.13,-0.19,58485899,-7542000,1317000,-0.13370744288294176,-8859000
2015-06-30,10792000,-10353000,2015-08-04,-0.18,-0.15,57516667,6175000,1452000,-0.17999999895682411,4723000
2015-09-30,15035000,-4799000,2015-10-27,-0.08,-0.13,59987500,17538000,1404000,-0.08,16134000
2015-12-31,19294000,-4821000,2016-02-18,-0.08,-0.08,58683194,25292000,1962000,-0.08215299255865316,23330000
2016-03-31,22855000,-3907000,2016-04-26,-0.07,-0.07,58936694,735000,2319000,-0.0662914686052801,-1584000
2016-06-30,29422000,2011000,2016-08-02,0.03,-0.01,59830899,26827000,3863000,0.03361139534273085,22964000
2016-09-30,34723000,6175000,2016-11-01,0.1,0.07,60284746,24650000,2267000,0.10243055515237635,22383000
2016-12-31,34915000,61562000,2017-02-15,0.12,0.14,61229338,19732000,3022000,1.0054330491046628,16710000
2017-03-31,36858000,5492000,2017-05-04,0.11,0.13,62339000,-2089000,3069000,0.08809894287685077,-5158000
2017-06-30,42217000,6012000,2017-08-01,0.13,0.11,63010000,16681000,1794000,0.09541342644024758,14887000
2017-09-30,48451000,12312000,2017-11-01,0.2,0.14,63089000,27186000,2006000,0.1951528792657991,25180000
2017-12-31,51112000,-1766000,2018-02-15,0.2,0.17,60219000,25985000,1641000,-0.029326292366196716,24344000
2018-03-31,59972000,22355000,2018-05-01,0.34,0.31,65697000,21131000,1370000,0.34027428954137934,19761000
2018-06-30,67562000,25241000,2018-08-01,0.4,0.35,68616000,40222000,1903000,0.3678588084411799,38319000
2018-09-30,66297000,24811000,2018-10-30,0.46,0.41,68844000,37996000,2053000,0.36039451513566906,35943000
2018-12-31,79797000,35520000,2019-02-12,0.46,0.46,69013000,46512000,2734000,0.5146856389375914,43778000
2019-03-31,75627000,32899000,2019-05-01,0.56,0.52,68996000,28279000,1751000,0.47682474346338916,26528000
2019-06-30,89495000,39100000,2019-07-31,0.59,0.55,69590000,59045000,2740000,0.5618623365426066,56305000
2019-09-30,102727000,49763000,2019-11-06,0.71,0.62,70137000,52243000,2958000,0.7095113848610577,49285000
2019-12-31,102265000,50195000,2020-02-11,0.75,0.71,70276000,68583000,2507000,0.7142552222664921,66076000
2020-03-31,113608000,58271000,2020-05-06,0.75,0.72,70401000,47852000,1493000,0.8277013110609225,46359000
2020-06-30,106712000,26848000,2020-08-05,0.4,0.34,74174000,79503000,3145000,0.3619597163426538,76358000
2020-09-30,107346000,38179000,2020-11-05,0.47,0.35,85599000,87622000,4464000,0.4460215656724962,83158000
2020-12-31,108524000,48268000,2021-02-16,0.59,0.5,86250000,37621000,3057000,0.5596289855072464,34564000
2021-03-31,114989000,52891000,2021-05-04,0.62,0.6,86487000,85464000,2456000,0.6115485564304461,83008000
2021-06-30,121423000,57522000,2021-08-03,0.67,0.64,86819000,97080000,3594000,0.662550824128359,93486000
2021-09-30,124041000,60193000,2021-11-02,0.71,0.71,86880000,98837000,3057000,0.6928291896869245,95780000
2021-12-31,125184000,60524000,2022-02-15,0.73,0.71,87117000,44338000,3131000,0.6947438502244109,41207000
2022-03-31,127534000,67680000,2022-05-04,0.77,0.74,87310000,80310000,1974000,0.7751689382659489,78336000
2022-06-30,133240000,75444000,2022-08-02,0.86,0.76,86577000,93524000,3338000,0.8714092657403236,90186000
2022-09-30,130577000,76838000,2022-11-01,0.9,0.81,85485000,107769000,2445000,0.8988477510674387,105324000
2022-12-31,133107000,72940000,2023-02-14,0.86,0.84,84809000,31791000,2815000,0.8600502305179875,28976000
2023-03-31,136779000,74458000,2023-05-02,0.88,0.82,84840000,89835000,1517000,0.8776284771334276,88318000
2023-06-30,142685000,80284000,2023-08-01,0.95,0.86,84190000,101905000,3033000,0.9536049412044186,98872000
2023-09-30,148159000,83955000,2023-11-01,1.0,0.92,83670000,120826000,3349000,1.0034062387952671,117477000
2023-12-31,151380000,83413000,2024-02-14,1.01,0.96,82685000,30117000,1473000,1.0088044990022373,28644000
2024-03-31,156253000,89050000,2024-04-30,1.08,0.99,82099000,111574000,2186000,1.0846660738864053,109388000
2024-06-30,162122000,92079000,2024-07-30,1.2,1.05,81300000,117789000,1840000,1.1325830258302583,115949000
2024-09-30,166092000,92810000,2024-11-06,1.15,1.13,81045000,128420000,4026000,1.145166265654883,124394000
2024-12-31,166504000,86167000,2025-02-06,1.07,1.12,80623000,35821000,1397000,1.0687644964836338,34424000
2025-03-31,173246000,102559000,2025-04-29,1.28,1.12,79858000,101151000,1706000,1.2842670740564501,99445000
2025-06-30,173779000,96151000,2025-07-29,1.22,1.19,79256000,128356000,1648000,1.2131699808216412,126708000
2025-09-30,178679000,95999000,2025-11-05,1.21,1.21,78830000,128049000,1779000,1.2177977927185082,126270000
