fiscalDateEnding,totalRevenue,netIncome,reportedDate,reportedEPS,estimatedEPS,commonStockSharesOutstanding,operatingCashflow,capitalExpenditures,eps_computed_simple,freeCashFlow
2007-03-31,-136469,-288000,2007-03-31,-0.1369,,2020000,-98529,850153,-0.14257425742574256,-948682
2007-06-30,0,-881000,2007-06-30,-0.4811,,2273000,-119715,112884,-0.38759348878134625,-232599
2007-09-30,0,-267000,2007-09-30,-0.1164,,2297000,-106227,2612132,-0.11623857205050066,-2718359
2007-12-31,0,-2869000,2008-03-31,-1.2,-0.5,2885000,-167038,1503589,-0.9944540727902946,-1670627
2008-03-31,287029,-187000,2008-03-31,-0.0649,,2885000,-125546,6320368,-0.06481802426343154,-6445914
2008-06-30,1362655,1182061,2008-08-06,0.1,0.2,3441498,729838,18897594,0.3434728132923512,-18167756
2008-09-30,1363000,871819,2008-11-04,0.3,0.1,3441000,729838,18897594,0.2533621040395234,-18167756
2008-12-31,658268,-307325,2009-03-02,0.4,0.3,3422392,1370385,7028688,-0.0897983048113717,-5658303
2009-03-31,658268,-259000,2009-05-11,-0.1,-0.1,3422000,1370385,7028688,-0.07568673290473407,-5658303
2009-06-30,2275000,418396,2009-07-30,0.1,0.2,3474000,997940,10302604,0.12043638457109959,-9304664
2009-09-30,4856000,1588000,2009-10-26,0.4,0.53,3694000,1974176,8488262,0.4298863021115322,-6514086
2009-12-31,6432000,1051000,2010-03-08,0.3,0.73,4410000,5470409,22722853,0.2383219954648526,-17252444
2010-03-31,7222000,1560000,2010-05-06,0.4,0.43,4454000,12148566,22107700,0.3502469690166143,-9959134
2010-06-30,9883821,987226,2010-08-09,0.7,0.7,5214518,11324907,36400309,0.18932257976672054,-25075402
2010-09-30,15557000,987226,2010-11-08,1.0,1.06,5215000,11324907,36400309,0.18930508149568553,-25075402
2010-12-31,26237000,-1750000,2011-03-02,1.3,1.45,6300000,46994606,87671735,-0.2777777777777778,-40677129
2011-03-31,27067000,-7058000,2011-05-10,0.9,1.79,6300000,-7160821,59187774,-1.1203174603174604,-66348595
2011-06-30,35586000,20433000,2011-08-09,1.2,1.87,6205000,42655509,95260260,3.2929895245769543,-52604751
2011-09-30,43769000,28617000,2011-11-09,1.9,2.15,6227000,13891178,85495081,4.595631925485788,-71603903
2011-12-31,53302000,-1381000,2012-02-29,2.1,2.5,6224000,35763660,101871662,-0.22188303341902313,-66108002
2012-03-31,65224000,8806000,2012-05-07,2.3,2.39,6267000,38613432,145106890,1.405138024573161,-106493458
2012-06-30,70503000,43626000,2012-08-09,2.2,2.38,6271000,46948017,138934530,6.956785201722213,-91986513
2012-09-30,60096000,300161,2012-11-08,2.7,2.62,6288000,51135483,135830994,0.047735527989821884,-84695511
2012-12-31,80388000,19552000,2013-02-28,3.4,2.72,6286000,61829682,112339008,3.110404072542157,-50509326
2013-03-31,83180000,8952000,2013-05-06,2.9,2.74,6332000,56356933,76958814,1.4137713202779532,-20601881
2013-06-30,79651000,25012000,2013-08-08,2.3,2.7,6336000,54079500,110372180,3.94760101010101,-56292680
2013-09-30,97302000,1703000,2013-11-07,3.2,3.2,6276000,58482780,82314928,0.2713511790949649,-23832148
2013-12-31,99167000,17401000,2014-02-27,2.2,2.74,6158000,53855194,90801522,2.8257551152971745,-36946328
2014-03-31,96803000,6590000,2014-05-08,1.9,2.38,6145000,72747620,119200454,1.0724165988608625,-46452834
2014-06-30,121158000,-4412000,2014-08-07,2.9,2.26,6050000,56142879,109715594,-0.7292561983471074,-53572715
2014-09-30,119194000,57985000,2014-11-06,2.6,2.6,6074000,80480210,116433464,9.546427395456043,-35953254
2014-12-31,94459000,103583000,2015-02-26,2.1,1.87,6056000,64886832,131690333,17.104194187582564,-66803501
2015-03-31,45048000,-229739000,2015-05-07,1.0,1.3,6056000,66876452,110557463,-37.93576618229854,-43681011
2015-06-30,63074000,-250061000,2015-08-05,1.9,1.08,6064000,44822513,77769846,-41.23697229551451,-32947333
2015-09-30,49790000,-323242000,2015-11-04,2.4,1.67,6068000,63122045,45058178,-53.2699406723797,18063867
2015-12-31,39349000,-172313000,2016-03-02,2.5,2.26,6073000,72194708,55760704,-28.373620945167133,16434004
2016-03-31,28372000,-126566000,2016-05-09,0.1,-0.2,6096000,55214150,20067820,-20.76213910761155,35146330
2016-06-30,42537000,-108979000,2016-08-04,1.0,0.56,6118000,3308788,18363990,-17.81284733573063,-15055202
2016-09-30,37683000,-45619000,2016-11-08,0.4,-0.02,6124000,39195766,28557864,-7.449216198563031,10637902
2016-12-31,47085000,-12330000,2017-03-01,0.4,0.1,6131000,4172867,26160916,-2.0110911759908663,-21988049
2017-03-31,48856000,16941000,2017-05-08,2.7336,-0.16,6197000,29716382,20271464,2.733742133290302,9444918
2017-06-30,48389000,13802000,2017-08-08,-0.0586,-0.14,6189000,27453,22476710,2.2300856358054615,-22449257
2017-09-30,49197000,-16087000,2017-11-08,0.4,0.01,6184000,35837184,32869346,-2.601390685640362,2967838
2017-12-31,57813000,-23849000,2018-02-22,1.0,0.93,6467278,7386043,43793678,-3.687641075580793,-36407635
2018-03-31,86885000,2965000,2018-05-07,1.7,1.15,6538000,45520677,58021512,0.4535026001835424,-12500835
2018-06-30,109049000,-96547000,2018-08-09,0.9,0.81,19614000,18096209,101725652,-4.922351381666157,-83629443
2018-09-30,131838000,18979000,2018-11-08,1.1,1.18,30175541,62799300,130410797,0.6289530981399803,-67611497
2018-12-31,152567000,218292000,2019-03-12,2.5,1.4,37940110,117846013,184428316,5.75359428320055,-66582303
2019-03-31,-6934000,-107162000,2019-05-09,0.7,1.24,37144856,98908000,77913000,-2.8849755131639223,20995000
2019-06-30,186440000,44399000,2019-08-01,1.2,1.11,37872451,99392000,82228000,1.1723297232597911,17164000
2019-09-30,157992000,94381000,2019-11-12,0.9,1.11,39653000,71023000,257808000,2.380173000781782,-186785000
2019-12-31,160710000,-107937000,2020-03-12,0.5,0.73,40204203,70425000,151179000,-2.6847193065859307,-80754000
2020-03-31,130204000,368286000,2020-05-11,0.4,0.34,49721000,100654000,104499000,7.407051346513546,-3845000
2020-06-30,20667000,-899200000,2020-08-07,0.2,0.31,41536000,101585000,85241000,-21.64869029275809,16344000
2020-09-30,73683000,-233004000,2020-11-06,0.51,0.38,43517000,56413000,59587000,-5.354321299721947,-3174000
2020-12-31,99516000,-142123000,2021-03-12,0.64,0.66,45521000,73033000,34599000,-3.122141429230465,38434000
2021-03-31,157332000,-90357000,2021-05-07,0.62,0.56,54538099,62766000,35172000,-1.6567684179824456,27594000
2021-06-30,225717000,-90563000,2021-08-05,0.92,0.71,60694795,106186000,168969000,-1.4921048831287758,-62783000
2021-09-30,259670000,12554000,2021-11-05,0.84,0.89,66629566,94413000,160676000,0.18841485475081737,-66263000
2021-12-31,332373000,174728000,2022-02-23,1.06,1.1,81849627,133102000,228967000,2.134743998283584,-95865000
2022-03-31,456458000,-206560000,2022-05-05,1.58,1.27,76922543,154034000,417599000,-2.685298638657851,-263565000
2022-06-30,549643000,251264000,2022-08-03,1.72,1.7,86788000,210239000,111178000,2.8951467944877174,99061000
2022-09-30,534050000,583465000,2022-11-08,1.8,1.71,86141000,276766000,301265000,6.7733715652244575,-24499000
2022-12-31,445647000,145068000,2023-02-23,1.43,1.65,81857000,287379000,529734000,1.7722125169502914,-242355000
2023-03-31,428558000,340191000,2023-05-04,1.76,1.69,85407000,269308000,461220000,3.9831746812322173,-191912000
2023-06-30,418785000,167815000,2023-08-02,1.49,1.35,89109000,307786000,372660000,1.8832553389668834,-64874000
2023-09-30,513521000,26111000,2023-11-01,1.73,1.78,93742000,263865000,650323000,0.2785411021740522,-386458000
2023-12-31,546145000,388853000,2024-02-22,1.61,1.65,99814000,342362000,361049000,3.8957761436271463,-18687000
2024-03-31,534879000,11606000,2024-04-30,1.28,1.18,101636000,392147000,407056000,0.11419182179542682,-14909000
2024-06-30,564194000,138556000,2024-07-30,1.46,1.22,101985000,340477000,223199000,1.3585919497965386,117278000
2024-09-30,515488000,298446000,2024-11-05,1.4,1.2,100725000,385761000,381861000,2.9629784065524944,3900000
2024-12-31,549201000,71699000,2025-02-20,1.11,1.0811,101268000,290278000,705232000,0.7080124027333412,-414954000
2025-03-31,580337000,138982000,2025-04-28,1.33,1.24,99992000,407426000,260558000,1.3899311944955597,146868000
2025-06-30,577990000,99585000,2025-08-01,1.0,0.95,99394539,362112000,331255000,1.0019162119158276,30857000
2025-09-30,485868000,-129074000,2025-11-06,1.03,0.92,97123889,423120000,352577000,-1.3289624347723556,70543000
