fiscalDateEnding,totalRevenue,netIncome,reportedDate,reportedEPS,estimatedEPS,commonStockSharesOutstanding,operatingCashflow,capitalExpenditures,eps_computed_simple,freeCashFlow
2005-09-30,8394187810,880230210,2005-10-20,0.24,0.22,4351389000,1223683720,156305580,0.20228718002458526,1067378140
2005-12-31,10332293280,1073530160,2006-01-26,0.3,0.29,4394025000,1062599670,182307680,0.2443158971557968,880291990
2006-03-31,9502465180,1047762700,2006-04-20,0.3,0.25,4162182000,966911720,149326810,0.25173399433278026,817584910
2006-06-30,9820064800,1141030800,2006-07-20,0.29,0.3,4093122000,897241480,221625590,0.27876784518028047,675615890
2006-09-30,10089827800,843905160,2006-10-19,0.29,0.3,4048306000,952015840,172740000,0.20845883685670005,779275840
2006-12-31,11730473950,1276246070,2007-01-25,0.39,0.34,4037146000,1661778860,232939850,0.31612581511790755,1428839010
2007-03-31,9852546720,978367920,2007-04-19,0.34,0.32,3978525000,1640843520,160940400,0.2459122212377703,1479903120
2007-06-30,12586424490,2828011560,2007-08-02,0.43,0.37,3946398000,1536606250,266068660,0.7166057655614056,1270537590
2007-09-30,12901876470,1563417870,2007-10-18,0.55,0.45,3919284000,1990728980,165141590,0.39890395031337356,1825587390
2007-12-31,15787423780,1844636220,2008-01-24,0.69,0.62,3865207000,2726184950,280961860,0.4772412499511669,2445223090
2008-03-31,12653668960,1222000000,2008-04-17,0.58,0.57,3863623000,756662050,202620800,0.3162834469098046,554041250
2008-06-30,13162711300,1103000000,2008-07-17,0.56,0.56,3788068000,1457245750,246006900,0.29117745510376264,1211238850
2008-09-30,12222849910,1087000000,2008-10-16,0.5,0.49,3736440000,1277828410,292559450,0.2909186284270589,985268960
2008-12-31,12825642330,589519750,2009-01-22,0.34,0.37,3700704000,-287221470,281010670,0.15929935223135921,-568232140
2009-03-31,9274000000,122000000,2009-04-16,0.13,0.14,3715330000,276000000,162000000,0.03283692161934471,114000000
2009-06-30,9912000000,380000000,2009-07-16,0.21,0.18,3718775000,716000000,144000000,0.1021841869970622,572000000
2009-09-30,9810000000,-559000000,2009-10-15,0.25,0.18,3714202000,720000000,104000000,-0.1505033921149146,616000000
2009-12-31,11988000000,948000000,2010-01-28,0.37,0.27,3707535000,1535000000,148000000,0.2556954957943755,1387000000
2010-03-31,9522000000,349000000,2010-04-22,0.19,0.2,3712425000,955000000,114000000,0.0940086331710405,841000000
2010-06-30,19525000000,576000000,2010-07-22,0.14,0.15,3711938000,944000000,172000000,0.15517500561701192,772000000
2010-09-30,10270000000,529000000,2010-10-21,0.14,0.13,3711833000,439000000,181000000,0.1425171875997654,258000000
2010-12-31,12651000000,745000000,2011-01-27,0.3,0.25,3708888000,2436000000,212000000,0.20086883184393814,2224000000
2011-03-31,10399000000,344000000,2011-04-21,0.18,0.13,3713911000,-173000000,113000000,0.09262472902554746,-286000000
2011-06-30,9275000000,-368000000,2011-07-21,0.09,0.03,3710049000,-176000000,157000000,-0.09919006460561572,-333000000
2011-09-30,8980000000,-68000000,2011-10-20,0.04,-0.02,3710070000,852000000,173000000,-0.018328495149687204,679000000
2011-12-31,10005000000,-1072000000,2012-01-26,0.08,0.06,3710158000,634000000,154000000,-0.28893648195036437,480000000
2012-03-31,7354000000,-929000000,2012-04-19,-0.1,-0.07,3710471000,-590000000,132000000,-0.25037252683015176,-722000000
2012-06-30,7542000000,-1410000000,2012-07-19,-0.1,-0.11,3710941000,102000000,115000000,-0.379957536376892,-13000000
2012-09-30,7239000000,-969000000,2012-10-18,-0.09,-0.13,3710982000,-429000000,68000000,-0.26111686879645335,-497000000
2012-12-31,8041000000,202000000,2013-01-24,0.08,0.06,3710982000,563000000,146000000,0.05443303147253207,417000000
2013-03-31,5852000000,-272000000,2013-04-18,-0.03,-0.05,3711474000,206000000,118000000,-0.07328624691968744,88000000
2013-06-30,5695000000,-227000000,2013-07-19,-0.0798,-0.03,3712177000,-196000000,143000000,-0.061150101409496366,-339000000
2013-09-30,5662000000,-91000000,2013-10-29,0.01,,3712233000,9000000,73000000,-0.02451354750631224,-64000000
2013-12-31,-4500000000,-25000000,2014-01-23,0.04,0.04,3712233000,53000000,73000000,-0.006734491073162703,-20000000
2014-03-31,2664000000,-239000000,2014-04-29,0.05,0.03,3713051000,-138000000,80000000,-0.06436755110554636,-218000000
2014-06-30,2942000000,2510000000,2014-07-24,0.08,0.07,4120410000,790000000,77000000,0.6091626804128716,713000000
2014-09-30,3324000000,747000000,2014-10-23,0.12,0.09,3701307000,399000000,62000000,0.2018206001285492,337000000
2014-12-31,3802000000,444000000,2015-01-29,0.11,0.12,3986613000,224000000,92000000,0.11137273670657272,132000000
2015-03-31,3196000000,178000000,2015-04-30,0.06,0.05,3958096000,-199000000,70000000,0.044971117426156414,-269000000
2015-06-30,3209000000,347000000,2015-07-30,0.09,0.06,3945989000,-258000000,88000000,0.08793739668306222,-346000000
2015-09-30,3036000000,152000000,2015-10-29,0.09,0.07,3948703000,503000000,65000000,0.03849365221947561,438000000
2015-12-31,3609000000,1790000000,2016-02-11,0.16,0.12,3947477000,460000000,93000000,0.45345419365331324,367000000
2016-03-31,5499000000,-513000000,2016-05-10,0.03,0.04,5668917000,-1583000000,83000000,-0.09049347520875681,-1666000000
2016-06-30,5583000000,-665000000,2016-08-04,0.03,0.04,5771511000,-616000000,104000000,-0.11522112666856218,-720000000
2016-09-30,5890000000,-125000000,2016-10-27,0.05,0.04,5773119000,234000000,166000000,-0.02165207403485014,68000000
2016-12-31,6641000000,633000000,2017-02-02,0.13,0.08,5778332000,510000000,124000000,0.10954718420471513,386000000
2017-03-31,5378000000,-488000000,2017-04-27,0.03,0.03,5709171000,-473000000,150000000,-0.08547650788529543,-623000000
2017-06-30,5619000000,-437000000,2017-07-27,0.09,0.05,5670332000,1039000000,142000000,-0.07706779779385052,897000000
2017-09-30,5500000000,-183000000,2017-10-26,0.11,0.06,5636547000,-744000000,148000000,-0.0324666857208855,-892000000
2017-12-31,6651000000,-386000000,2018-02-01,0.15,0.11,5592614000,1990000000,153000000,-0.06901960335542556,1837000000
2018-03-31,4924000000,-188000000,2018-04-26,0.02,0.04,5583621000,-110000000,260000000,-0.03366990703702848,-370000000
2018-06-30,5313000000,-266000000,2018-07-26,0.04,0.04,5587556000,-834000000,104000000,-0.0476057868592279,-938000000
2018-09-30,5458000000,-79000000,2018-10-25,0.07,0.06,5588225000,-82000000,137000000,-0.014136868146862375,-219000000
2018-12-31,6869000000,194000000,2019-01-31,0.15,0.14,5615353000,1386000000,171000000,0.03454813971623868,1215000000
2019-03-31,5032000000,-446000000,2019-04-25,-0.02,0.02,5596127000,-747000000,175000000,-0.07969797683290604,-922000000
2019-06-30,5694000000,-193000000,2019-07-25,0.06,0.03,5598710000,-916000000,131000000,-0.03447222663792195,-1047000000
2019-09-30,5686000000,82000000,2019-10-24,0.06,0.06,5630484000,464000000,191000000,0.014563579258905628,273000000
2019-12-31,6903000000,564000000,2020-02-06,0.17,0.14,5622823000,1790279702,205440072,0.10030548711919261,1584839630
2020-03-31,5413611765,-127793847,2020-04-30,0.01,0.02,5608137000,147623926,169657346,-0.022787219178133488,-22033420
2020-06-30,5092000000,94000000,2020-07-31,0.07,0.03,5631431000,364588440,96868570,0.016692027301763973,267719870
2020-09-30,5294000000,193000000,2020-10-29,0.06,0.07,5638003000,413000000,97000000,0.03423197894715558,316000000
2020-12-31,7830307086,-3099695253,2021-02-04,0.17,0.13,5617463000,879000000,139000000,-0.5517962918491853,740000000
2021-03-31,5076000000,261000000,2021-04-29,0.07,0.01,5649354000,1570649020,191513190,0.046199972598636944,1379135830
2021-06-30,5313000000,344000000,2021-07-29,0.11,0.05,5665966000,106000000,113000000,0.06071338938496983,-7000000
2021-09-30,5399000000,342000000,2021-10-28,0.09,0.07,5691352000,862884431,152533711,0.060091169901281806,710350720
2021-12-31,6414000000,676000000,2022-02-03,0.15,0.13,5713089000,545124365,182523475,0.11832478016708649,362600890
2022-03-31,5348000000,212000000,2022-04-28,0.08,0.07,5705948000,559000000,189000000,0.03715421171030651,370000000
2022-06-30,5873000000,457000000,2022-07-21,0.11,0.1,5677742000,-61918742,105616807,0.08048974398625369,-167535549
2022-09-30,6241000000,427000000,2022-10-20,0.1,0.1,5667603000,400457002,114607052,0.0753404922680717,285849950
2022-12-31,7598376622,3217247935,2023-01-26,0.16,0.14,5651112000,567000000,195000000,0.5693123645399348,372000000
2023-03-31,5575000000,279000000,2023-04-20,0.06,0.08,5648995000,83000000,232000000,0.049389316152696185,-149000000
2023-06-30,5918398748,315618910,2023-07-20,0.08,0.08,5616185000,-333000000,127000000,0.05619809710684388,-460000000
2023-09-30,5122623099,151209303,2023-10-19,0.05,0.09,5597220000,-303000000,144000000,0.02701507230375079,-447000000
2023-12-31,5707000000,-43000000,2024-01-25,0.11,0.15,5523785000,1870000000,149000000,-0.00778451731919327,1721000000
2024-03-31,4823301861,471042531,2024-04-18,0.1,0.06,5564089000,1067000000,112000000,0.08465761978286113,955000000
2024-06-30,4466000000,-146000000,2024-07-18,0.07,0.05,5509849000,489000000,95000000,-0.026498003847292367,394000000
2024-09-30,4752305747,185654108,2024-10-17,0.07,0.07,5532241000,795213484,116645944,0.03355857201448744,678567540
2024-12-31,6382020569,844820372,2025-01-30,0.16,0.11,5532241000,208000000,158000000,0.15270852661697132,50000000
2025-03-31,4390000000,-59000000,2025-04-24,0.03,0.05,5379665000,890000000,169000000,-0.010967225654385543,721000000
2025-06-30,4546000000,90000000,2025-07-24,0.05,0.06,5491808000,209000000,121000000,0.016388045612665263,88000000
2025-09-30,4833000000,323000000,2025-10-23,0.0697,0.06,5488578000,716105968,200755808,0.058849487062040476,515350160
