fiscalDateEnding,totalRevenue,netIncome,reportedDate,reportedEPS,estimatedEPS,commonStockSharesOutstanding,operatingCashflow,capitalExpenditures,eps_computed_simple,freeCashFlow
2005-09-30,62600000,2042000,2005-10-25,0.15,0.07,13988319,10021000,881000,0.1459789414296314,9140000
2005-12-31,66493000,4380000,2006-02-21,0.3,0.18,13970159,4158000,640000,0.31352542229476416,3518000
2006-03-31,76123000,5104000,2006-04-25,0.36,0.34,14174652,3260000,1808000,0.360079386781418,1452000
2006-06-30,76401000,6184000,2006-07-25,0.45,0.5,14101319,11258000,2560000,0.43854053652711494,8698000
2006-09-30,81627000,5731000,2006-10-24,0.42,0.45,14003652,15837000,1377000,0.40925038697048455,14460000
2006-12-31,79458000,4725000,2007-02-27,0.33,0.26,14083652,4901000,2817000,0.3354953672527552,2084000
2007-03-31,74204000,3200000,2007-05-03,0.24,0.19,14083985,7933000,1842000,0.22720842148014217,6091000
2007-06-30,73117000,3323000,2007-07-25,0.24,0.24,14225985,6143000,1451000,0.23358663741034452,4692000
2007-09-30,83952000,6655000,2007-10-23,0.54,0.47,14311985,8110000,818000,0.4649948976329978,7292000
2007-12-31,86527000,4749000,2008-02-27,0.33,0.44,14263492,15302000,715000,0.3329479204671619,14587000
2008-03-31,71680000,33000,2008-04-30,0.15,0.09,14067985,3936000,4202000,0.002345751719240531,-266000
2008-06-30,66010000,60000,2008-07-31,0.09,0.09,13950986,25698000,12475000,0.0043007712859865245,13223000
2008-09-30,71400000,-14200000,2008-10-22,-1.0256,,13900000,25420000,19615000,-1.0215827338129497,5805000
2008-12-31,96331000,-189711000,2009-02-26,-13.1973,,13900000,-3870000,370258000,-13.648273381294963,-374128000
2009-03-31,63900000,-16700000,2009-04-30,-1.0553,,15900000,-15190000,437000,-1.050314465408805,-15627000
2009-06-30,62900000,-9900000,2009-07-30,-0.6196,,15900000,-6030000,99000,-0.6226415094339622,-6129000
2009-09-30,55100000,-13000000,2009-10-21,-0.8134,,15900000,-8170000,336000,-0.8176100628930818,-8506000
2009-12-31,72509000,-31764000,2010-02-25,-1.9958,,15900000,3603000,449000,-1.9977358490566037,3154000
2010-03-31,96331000,-189711000,2010-04-29,0.3759,,15119658,-3870000,370258000,-12.547307617672304,-374128000
2010-06-30,85700000,-5100000,2010-07-29,-0.3173,,16000000,-410000,540000,-0.31875,-950000
2010-09-30,91545000,121000,2010-10-27,0.0041,,29565000,-22438000,737000,0.004092677152037883,-23175000
2010-12-31,91619000,-1742000,2011-03-28,-0.05,0.04,23703000,3155000,726000,-0.0734928068177024,2429000
2011-03-31,91858000,6207000,2011-05-16,0.19,0.08,33532000,5609000,1194000,0.18510676368841703,4415000
2011-06-30,101370000,10066000,2011-08-11,0.3,0.21,33595000,12281000,504000,0.2996279208215508,11777000
2011-09-30,93257000,8845000,2011-11-10,0.26,0.23,33588000,12832000,909000,0.2633380969393831,11923000
2011-12-31,79795000,3855000,2012-03-14,0.11,0.08,33589000,14451000,1610000,0.11476971627616184,12841000
2012-03-31,78807000,1381000,2012-05-08,0.04,0.12,33878000,9087000,1398000,0.04076391758663439,7689000
2012-06-30,70379000,4873000,2012-08-07,0.13,0.23,33953000,9764000,1227000,0.1435219273701882,8537000
2012-09-30,69520000,-2534000,2012-11-07,0.06,0.15,33912000,2648000,1109000,-0.07472281198395848,1539000
2012-12-31,52792000,15818000,2013-03-12,-0.01,0.12,33936000,6931000,574000,0.4661126826968411,6357000
2013-03-31,75071000,2082000,2013-05-08,0.04,0.13,34271000,4608000,1715000,0.06075107233521053,2893000
2013-06-30,79769000,-871000,2013-08-06,0.02,0.02,34285000,13082000,626000,-0.025404695931165233,12456000
2013-09-30,79858000,1790000,2013-11-05,0.06,0.12,34417000,16758000,732000,0.05200918150913793,16026000
2013-12-31,87707000,4308000,2014-03-11,0.13,0.14,34607000,14752000,1915000,0.1244834859999422,12837000
2014-03-31,79133000,983000,2014-05-06,0.14,0.09,34669000,1497000,972000,0.028353860797830914,525000
2014-06-30,96905000,725000,2014-08-06,0.19,0.17,34707000,18548000,1617000,0.020889157806782493,16931000
2014-09-30,94656000,4525000,2014-11-05,0.23,0.19,34793000,13609000,1194000,0.13005489609979018,12415000
2014-12-31,94012000,-30485000,2015-03-04,0.24,0.19,34405000,8635000,1632000,-0.8860630722278738,7003000
2015-03-31,94614000,3446000,2015-05-07,0.2,0.16,34999000,6042000,946000,0.09845995599874283,5096000
2015-06-30,96494000,19498000,2015-08-05,0.2,0.2,35029000,8513000,1187000,0.5566245111193583,7326000
2015-09-30,92271000,6568000,2015-11-04,0.24,0.2,35055000,10908000,1978000,0.18736271573242047,8930000
2015-12-31,90219000,6103000,2016-03-02,0.29,0.21,34811000,7953000,1441000,0.17531814656286807,6512000
2016-03-31,90316000,1906000,2016-05-06,0.18,0.18,34853000,8298000,2341000,0.054686827532780535,5957000
2016-06-30,97734000,4871000,2016-08-02,0.27,0.24,34887000,15493000,2946000,0.13962220884570184,12547000
2016-09-30,97829000,7470000,2016-11-02,0.29,0.27,34928000,10916000,1718000,0.21386852954649566,9198000
2016-12-31,98879000,7756000,2017-03-06,0.35,0.28,34987000,13081000,5437000,0.2216823391545431,7644000
2017-03-31,108974000,34252000,2017-05-08,0.31,0.24,35125000,12760000,1760000,0.9751459074733096,11000000
2017-06-30,119102000,9402000,2017-08-03,0.41,0.33,35463000,16762000,1357000,0.2651213941290923,15405000
2017-09-30,146296000,7532000,2017-11-01,0.45,0.34,34833000,11765000,3385000,0.21623173427496914,8380000
2017-12-31,146918000,8865000,2018-02-28,0.44,0.41,34842000,22091000,2592000,0.25443430342689854,19499000
2018-03-31,146965000,11911000,2018-05-08,0.47,0.4,35428000,20409000,2933000,0.33620300327424635,17476000
2018-06-30,150400000,11000000,2018-08-08,0.51,0.49,35474000,19956000,4326000,0.31008626035970005,15630000
2018-09-30,160794000,14554000,2018-11-06,0.61,0.52,35485000,27355000,4386000,0.4101451317458081,22969000
2018-12-31,156178000,11644000,2019-02-27,0.56,0.51,35485000,21927000,3013000,0.3281386501338594,18914000
2019-03-31,157186000,12253000,2019-05-07,0.53,0.48,35474000,5457000,2429000,0.34540790438067315,3028000
2019-06-30,155145000,10380000,2019-08-06,0.54,0.54,35503000,15396000,3172000,0.2923696589020646,12224000
2019-09-30,154066000,8923000,2019-11-05,0.53,0.52,35585000,6990000,2350000,0.2507517212308557,4640000
2019-12-31,159702000,9217000,2020-02-26,0.55,0.54,35611000,35405000,2792000,0.25882452051332455,32613000
2020-03-31,155468000,11947000,2020-05-12,0.51,0.32,35561000,17755000,4951000,0.33595793144174796,12804000
2020-06-30,144728000,11660000,2020-08-06,0.48,0.23,35579000,33817000,2321000,0.32772140869614097,31496000
2020-09-30,142929000,8258000,2020-11-10,0.42,0.39,35688000,42114000,2524000,0.2313943062093701,39590000
2020-12-31,147498000,12656000,2021-03-01,0.53,0.44,35787000,46553000,3360000,0.35364797272752674,43193000
2021-03-31,162584000,11310000,2021-05-11,0.58,0.39,35789000,23268000,3268000,0.31601888848528875,20000000
2021-06-30,167523000,11664000,2021-08-10,0.62,0.51,35763000,28746000,7575000,0.32614713530744066,21171000
2021-09-30,177726000,13603000,2021-11-09,0.75,0.6,35764000,13898000,3916000,0.38035454647131195,9982000
2021-12-31,198960000,13754000,2022-03-01,0.67,0.64,35811000,28713000,5217000,0.3840719332048812,23496000
2022-03-31,204216000,18820000,2022-05-10,0.73,0.63,35781000,11347000,6308000,0.5259774740784215,5039000
2022-06-30,215356000,17479000,2022-08-09,0.78,0.72,35933000,22121252,5703632,0.4864330837948404,16417620
2022-09-30,222958000,22490000,2022-11-08,0.81,0.74,35928000,14087796,3100906,0.6259741705633489,10986890
2022-12-31,218373000,15262000,2023-03-01,0.75,0.72,36000000,47227532,3723692,0.42394444444444446,43503840
2023-03-31,219126000,18265000,2023-05-09,0.74,0.64,35999000,10245000,3620000,0.5073752048668019,6625000
2023-06-30,229464000,20879000,2023-08-08,0.8,0.73,36032000,26197000,3326000,0.5794571492007105,22871000
2023-09-30,221503000,21223000,2023-11-07,0.85,0.74,36041000,44641000,6795000,0.5888571349296634,37846000
2023-12-31,211569000,12511000,2024-02-28,0.63,0.63,36079000,38992000,6220000,0.3467668172621192,32772000
2024-03-31,230916000,14676000,2024-05-07,0.74,0.58,36127000,32829000,6415000,0.40623356492374124,26414000
2024-06-30,235864000,13755000,2024-08-06,0.73,0.69,36092000,41095000,4937000,0.38110938712179987,36158000
2024-09-30,244405000,19192000,2024-11-05,0.85,0.85,36129000,23026000,3561000,0.5312076171496581,19465000
2024-12-31,238060000,16464000,2025-02-26,0.76,0.7133,36148000,61562000,2249000,0.45546088303640586,59313000
2025-03-31,233366000,21208000,2025-05-05,0.587,0.6733,36130000,31684000,4284000,0.586991419872682,27400000
2025-06-30,241049000,4497000,2025-08-05,0.76,0.73,36076000,15072000,3388000,0.12465350925823263,11684000
2025-09-30,247836000,10653000,2025-11-04,0.87,0.84,36040000,8495000,4283000,0.29558823529411765,4212000
