fiscalDateEnding,totalRevenue,netIncome,reportedDate,reportedEPS,estimatedEPS,commonStockSharesOutstanding,operatingCashflow,capitalExpenditures,eps_computed_simple,freeCashFlow
2005-09-30,139143000,5272000,2005-11-07,0.0567,,86883333,-103000,5671000,0.06067907178468855,-5774000
2005-12-31,147346000,6926000,2006-03-06,0.0779,,87405572,10487000,10661000,0.07923979949470498,-174000
2006-03-31,166458000,6185000,2006-05-01,0.0686,,88357143,12027000,12725000,0.06999999988682296,-698000
2006-06-30,164831000,5923000,2006-07-25,0.0659,,84614286,-2869000,10030000,0.06999999976363329,-12899000
2006-09-30,147618000,-2265000,2006-11-09,-0.0253,,89658000,-1335000,6653000,-0.02526266479287961,-7988000
2006-12-31,166461000,-42124000,2007-03-09,-0.4715,,90059500,19186000,6983000,-0.4677352194937791,12203000
2007-03-31,149264000,7234000,2007-05-04,0.0802,,90248000,10303000,3399000,0.08015690098395532,6904000
2007-06-30,149982000,5299000,2007-08-03,0.0584,,90671000,26747000,5903000,0.058442059754497025,20844000
2007-09-30,153778000,7383000,2007-11-05,0.0815,,90542000,25752000,3925000,0.08154226767687923,21827000
2007-12-31,159740000,6746000,2008-02-22,0.0745,,90429500,5386000,3809000,0.07459954992563267,1577000
2008-03-31,178467000,11351000,2008-05-02,0.1257,,90332000,-8078000,5728000,0.12565868130894922,-13806000
2008-06-30,194032000,10002000,2008-08-01,0.1123,,89073000,31412000,5737000,0.11228991950422687,25675000
2008-09-30,211568000,10418000,2008-10-31,0.1449,,89109000,13885000,5156000,0.11691299419811692,8729000
2008-12-31,274283000,6687000,2009-02-20,0.08,,88771000,-8532000,5873000,0.07532865462820065,-14405000
2009-03-31,126938000,-12004000,2009-05-01,-0.1359,,88323000,33038000,7540000,-0.13591023855620846,25498000
2009-06-30,109599000,-8787000,2009-07-31,-0.0993,,88514000,24469000,6599000,-0.09927243147976592,17870000
2009-09-30,118208000,202000,2009-10-30,0.0023,,88655000,12258000,3080000,0.0022784952907337432,9178000
2009-12-31,135530000,16000,2010-02-19,0.0002,,88683500,19054000,1325000,0.00018041687574351487,17729000
2010-03-31,160798000,7782000,2010-04-30,0.0876,,88867000,-2369000,2029000,0.08756906388198094,-4398000
2010-06-30,181352000,10840000,2010-07-30,0.1213,,89079000,10171000,3966000,0.12168973607696539,6205000
2010-09-30,179278000,8234000,2010-10-29,0.0909,,90557000,18306000,1417000,0.09092615700608457,16889000
2010-12-31,194526000,14770000,2011-02-18,0.15,,98308652,5368000,4722000,0.15024109983727577,646000
2011-03-31,202651000,15854000,2011-04-29,0.1606,,106126000,17897000,6188000,0.14938846277066883,11709000
2011-06-30,230822000,19280000,2011-07-29,0.181,,106534000,3230000,10654000,0.18097508776540822,-7424000
2011-09-30,261193000,22997000,2011-10-28,0.2266,,106919000,13600000,11294000,0.21508805731441558,2306000
2011-12-31,263514000,21886000,2012-02-17,0.2173,,107162000,-48285000,8761000,0.2042328437319199,-57046000
2012-03-31,262336000,15634000,2012-04-27,0.1573,,107353000,-6408000,17302000,0.14563170102372547,-23710000
2012-06-30,245756000,14463000,2012-07-27,0.1381,,104739000,22230000,9013000,0.13808609973362357,13217000
2012-09-30,259599000,18742000,2012-10-26,0.1823,,102800000,64830000,8543000,0.18231517509727627,56287000
2012-12-31,270328000,11193000,2013-02-15,0.12,,101187000,29593000,9097000,0.11061697648907469,20496000
2013-03-31,267923000,17375000,2013-04-26,0.1714,,101354000,15240000,16127000,0.1714288533259664,-887000
2013-06-30,259376000,15664000,2013-07-26,0.1656,,102305000,28655000,21290000,0.15311079614877082,7365000
2013-09-30,268132000,18760000,2013-10-25,0.1956,,102960000,51794000,15133000,0.1822066822066822,36661000
2013-12-31,197508000,13524000,2014-02-14,0.1417,,103089000,56214000,15379000,0.13118761458545528,40835000
2014-03-31,242824000,35011000,2014-04-25,0.3429,,102099000,3594000,18509000,0.3429122714228347,-14915000
2014-06-30,272466000,20329000,2014-07-25,0.2149,,100435000,-8904000,38218000,0.2024095185941156,-47122000
2014-09-30,296964000,23492000,2014-10-31,0.2496,,99287000,28192000,27983000,0.2366070079668033,209000
2014-12-31,306162000,23446000,2015-02-13,0.2488,,99399000,66291000,22263000,0.23587762452338554,44028000
2015-03-31,208464000,993000,2015-05-01,0.0118,,83804000,31596000,18505000,0.011849076416400171,13091000
2015-06-30,163644000,-4254000,2015-07-31,-0.0515,,82529000,50201000,15808000,-0.051545517333301025,34393000
2015-09-30,154170000,-4471000,2015-10-30,-0.0539,,82990000,25370000,17062000,-0.053873960718158816,8308000
2015-12-31,150587000,-83096000,2016-02-12,-1.0003,,83072000,14350000,18029000,-1.000288906009245,-3679000
2016-03-31,114544000,-13300000,2016-04-29,-0.1597,,83258000,-2900000,13418000,-0.1597444089456869,-16318000
2016-06-30,115315000,-13904000,2016-07-29,-0.1666,,83457000,22726000,13234000,-0.16660076446553315,9492000
2016-09-30,104554000,-13451000,2016-10-28,-0.1601,,83998000,10109000,6738000,-0.1601347651134551,3371000
2016-12-31,137083000,-57000,2017-02-10,-0.0007,,84066000,-18840000,5050000,-0.0006780386838912283,-23890000
2017-03-31,158691000,-983000,2017-04-28,-0.0117,,84153000,-11444000,7291000,-0.011681104654617185,-18735000
2017-06-30,183020000,1632000,2017-07-28,0.0187,,87315000,33754000,9353000,0.018690946572753823,24401000
2017-09-30,201663000,2653000,2017-10-31,0.0303,,87677000,-6547000,5244000,0.030258790788918417,-11791000
2017-12-31,204389000,-9450000,2018-02-09,-0.105,,89994000,22618000,9483000,-0.10500700046669778,13135000
2018-03-31,227293000,7222000,2018-04-27,0.0787,,91731000,133000,10696000,0.07873020025945428,-10563000
2018-06-30,236262000,10846000,2018-07-27,0.1156,,93791000,20554000,13762000,0.11564009339915343,6792000
2018-09-30,235329000,3644000,2018-10-26,0.0389,,93582000,-571000,8356000,0.038939112222435936,-8927000
2018-12-31,247664000,10569000,2019-02-08,0.1142,,92578000,43287000,12327000,0.11416319211907797,30960000
2019-03-31,211473000,1282000,2019-04-26,0.0139,,92378000,2269000,17467000,0.013877763103769297,-15198000
2019-06-30,216412000,4306000,2019-07-31,0.047,,91706000,31971000,6399000,0.04695439774932938,25572000
2019-09-30,202763000,-1441000,2019-10-31,-0.0161,,89675000,18946000,11937000,-0.01606913855589629,7009000
2019-12-31,189471000,-17093000,2020-02-07,-0.1909,,89543000,19100000,9003000,-0.19089152697586634,10097000
2020-03-31,164550000,-12148000,2020-05-05,-0.1188,-0.05,89645000,4388000,6649000,-0.13551229851079258,-2261000
2020-06-30,101946000,-26244000,2020-08-03,-0.1989,-0.2,89981000,20625000,4006000,-0.2916615729987442,16619000
2020-09-30,96424000,-23870000,2020-11-03,-0.3029,-0.1706,90535000,15280000,3954000,-0.2636549400784227,11326000
2020-12-31,129705000,-18434000,2021-02-11,-0.2011,-0.116,90624000,15498000,1185000,-0.2034118997175141,14313000
2021-03-31,141172000,-5362000,2021-05-04,-0.0165,-0.045,90701000,27773000,8649000,-0.05911731954443722,19124000
2021-06-30,142249000,-5998000,2021-08-03,-0.0701,-0.065,91145000,-1936000,1828000,-0.0658072302375336,-3764000
2021-09-30,151797000,-10485000,2021-11-02,-0.0443,-0.0905,91932000,-12167000,8626000,-0.11405169037984597,-20793000
2021-12-31,179563000,-3681000,2022-02-17,-0.0196,-0.02,92043000,-16683000,2690000,-0.039992177569179624,-19373000
2022-03-31,176438000,2521000,2022-05-03,-0.0001,,93939000,2790000,7621000,0.026836564153333547,-4831000
2022-06-30,194144000,-7752000,2022-08-02,0.01,0.01,92657000,-25801000,1894000,-0.08366340373636098,-27695000
2022-09-30,219853000,-24595000,2022-11-01,0.06,0.04,93737000,-5082000,8205000,-0.26238305044966237,-13287000
2022-12-31,225159000,8992000,2023-02-16,0.07,0.06,93480000,3072000,10553000,0.09619169875909285,-7481000
2023-03-31,200030000,5620000,2023-05-02,0.09,0.05,90570000,29444000,6972000,0.06205145191564536,22472000
2023-06-30,183256000,1702000,2023-08-01,0.02,0.07,87473000,7404000,8375000,0.019457432579195865,-971000
2023-09-30,57262000,7670000,2023-10-31,0.09,0.07,88034000,26994000,4787000,0.08712542881159552,22207000
2023-12-31,46455000,-476000,2024-02-21,0.04,0.08,85003000,36159000,9098000,-0.0055998023599167085,27061000
2024-03-31,48967000,7293000,2024-05-02,0.1,0.05,87245000,11950000,13882000,0.08359218293311937,-1932000
2024-06-30,66791000,8040000,2024-08-05,0.12,0.07,87626000,27581000,6586000,0.09175358911738525,20995000
2024-09-30,44207000,-174298000,2024-11-07,0.17,0.07,87490000,2765000,9472000,-1.9922048234083896,-6707000
2024-12-31,57524000,8703000,2025-02-26,0.08,0.0833,87395000,-4127000,13591000,0.09958235597002117,-17718000
2025-03-31,64777000,10003000,2025-05-02,0.12,0.07,86996000,8828000,10011000,0.11498229803669134,-1183000
2025-06-30,68233000,8678000,2025-08-05,0.1,0.09,85423000,20643000,11694000,0.10158856514053592,8949000
2025-09-30,68838000,5654000,2025-10-30,0.07,0.07,85066000,24702000,12714000,0.0664660381350951,11988000
