fiscalDateEnding,totalRevenue,netIncome,reportedDate,reportedEPS,estimatedEPS,commonStockSharesOutstanding,operatingCashflow,capitalExpenditures,eps_computed_simple,freeCashFlow
2005-09-30,285202000,7183000,2005-11-01,0.13,0.11,55253846,-17706000,3089000,0.13000000036196574,-20795000
2005-12-31,305550000,10926000,2006-02-16,0.2,0.13,54056410,61222000,21710000,0.20212219050432687,39512000
2006-03-31,360636000,10541000,2006-05-02,0.19,0.17,56978378,17291000,3284000,0.1850000012285362,14007000
2006-06-30,337778000,10497000,2006-08-01,0.19,0.17,56740541,11547000,5107000,0.18499999850195295,6440000
2006-09-30,338421000,12113000,2006-11-01,0.22,0.19,56339535,11315000,1462000,0.21499999955626187,9853000
2006-12-31,352629000,13355000,2007-02-12,0.24,0.22,54148387,48300000,3078000,0.24663707895860315,45222000
2007-03-31,407758000,8393000,2007-05-01,0.15,0.16,55953333,14318000,1839000,0.15000000089360183,12479000
2007-06-30,376758000,13645000,2007-08-01,0.25,0.19,54580000,12713000,3670000,0.25,9043000
2007-09-30,383380000,12154000,2007-11-01,0.23,0.21,54017778,18495000,4025000,0.22499999907437881,14470000
2007-12-31,402081000,13301000,2008-02-07,0.25,0.24,50600000,29458000,3334000,0.26286561264822134,26124000
2008-03-31,456066000,13156000,2008-05-01,0.26,0.24,51592157,4339000,4818000,0.25499999932160233,-479000
2008-06-30,420469000,10987000,2008-08-01,0.22,0.21,51570000,-12102000,3088000,0.21305022299786697,-15190000
2008-09-30,421914000,11929000,2008-11-03,0.23,0.23,51674000,37033000,14676000,0.23085110500445097,22357000
2008-12-31,425985000,9708000,2009-02-09,0.2,0.21,49122000,88520000,4132000,0.19763038964211554,84388000
2009-03-31,461979000,8166000,2009-05-04,0.17,0.14,49688000,-48945000,2473000,0.16434551601996458,-51418000
2009-06-30,404312000,5385000,2009-08-03,0.11,0.13,50078000,-9815000,1892000,0.10753224969048285,-11707000
2009-09-30,390908000,5832000,2009-11-02,0.12,0.11,50008000,16583000,2104000,0.11662134058550631,14479000
2009-12-31,395897000,-2809000,2010-02-11,0.08,0.08,50156000,43008000,1550000,-0.05600526357763777,41458000
2010-03-31,457662000,2299000,2010-05-03,0.05,-0.03,50340000,8428000,812000,0.0456694477552642,7616000
2010-06-30,412418000,5118000,2010-08-02,0.1,0.05,50986000,-18636000,1618000,0.1003804966069117,-20254000
2010-09-30,414146000,7234000,2010-11-01,0.14,0.13,50846000,57859000,1919000,0.1422727451520277,55940000
2010-12-31,435526000,7789000,2011-02-14,0.15,0.14,50976000,31189000,2415000,0.1527973948524796,28774000
2011-03-31,536381000,8786000,2011-05-02,0.17,0.1,51214000,59088000,3326000,0.1715546530245636,55762000
2011-06-30,472903000,6741000,2011-08-01,0.13,0.1,51654000,-4778000,5078000,0.13050296201649436,-9856000
2011-09-30,471821000,4099000,2011-11-01,0.17,0.13,50998000,-41078000,15000000,0.08037570100788266,-56078000
2011-12-31,495114000,10844000,2012-02-14,0.21,0.18,50174000,60679000,8036000,0.21612787499501734,52643000
2012-03-31,595177000,13884000,2012-04-30,0.27,0.26,50316000,33256000,3435000,0.2759360839494395,29821000
2012-06-30,519256000,5621000,2012-07-31,0.11,0.1,50310000,-35997000,4896000,0.11172729079705825,-40893000
2012-09-30,511953000,11452000,2012-11-01,0.23,0.17,49960000,27776000,3665000,0.22922337870296236,24111000
2012-12-31,532438000,9445000,2013-02-08,0.24,0.23,49794000,65763000,5635000,0.18968148772944532,60128000
2013-03-31,611836000,13173000,2013-04-29,0.26,0.25,49854000,17472000,2843000,0.2642315561439403,14629000
2013-06-30,547274000,3488000,2013-08-01,0.12,0.1,49688000,-38613000,3797000,0.07019803574303655,-42410000
2013-09-30,539869000,10082000,2013-11-01,0.2,0.21,49734000,-13236000,2641000,0.2027184622190051,-15877000
2013-12-31,557133000,5289000,2014-02-10,0.12,0.12,49646000,69041000,2281000,0.10653426257905975,66760000
2014-03-31,636999000,9564000,2014-05-02,0.19,0.18,49660000,8891000,2379000,0.19258960934353606,6512000
2014-06-30,564621000,1891000,2014-08-01,0.07,0.06,49548000,-38267000,4255000,0.038165011705820616,-42522000
2014-09-30,560303000,8385000,2014-11-03,0.17,0.12,49304000,28394000,4398000,0.17006733733571314,23996000
2014-12-31,595865000,8164000,2015-02-10,0.18,0.13,49748148,142695000,8092000,0.16410661156672607,134603000
2015-03-31,699479000,13787000,2015-05-01,0.43,0.33,49748148,-37950000,2423000,0.2771359448395948,-40373000
2015-06-30,627838000,7314000,2015-08-03,0.21,0.18,49546000,-33529000,3427000,0.14762039316998346,-36956000
2015-09-30,626286000,11950000,2015-11-02,0.28,0.27,48072000,45803000,4189000,0.24858545515060743,41614000
2015-12-31,650011000,6339000,2016-02-12,0.17,0.21,47530769,90759000,7805000,0.1333662411395027,82954000
2016-03-31,802408000,32693000,2016-05-02,0.82,0.73,41956000,95207000,4880000,0.779221088759653,90327000
2016-06-30,707332000,9713000,2016-08-01,0.3,0.3,41768000,-34541000,7767000,0.23254644704079677,-42308000
2016-09-30,702538000,14065000,2016-11-01,0.39,0.38,41712000,-25867000,8655000,0.33719313387034905,-34522000
2016-12-31,729069000,9520000,2017-02-13,0.29,0.27,41324444,97874000,12692000,0.23037212551486477,85182000
2017-03-31,882664000,35628000,2017-05-01,0.92,0.91,41130000,43661000,11567000,0.8662290299051787,32094000
2017-06-30,795552000,14018000,2017-08-01,0.41,0.34,41475000,-30612000,9235000,0.33798673899939724,-39847000
2017-09-30,795513000,19202000,2017-11-01,0.57,0.49,41242000,57351000,5716000,0.4655933271907279,51635000
2017-12-31,826494000,15554000,2018-02-12,0.55,0.46,40908333,134025000,6819000,0.38021593302274137,127206000
2018-03-31,1014372000,49991000,2018-04-30,1.41,1.14,41869492,23569000,6585000,1.1939719736747703,16984000
2018-06-30,922295000,24560000,2018-08-01,0.68,0.6,41533000,-6280000,7440000,0.5913370091252739,-13720000
2018-09-30,925126000,36207000,2018-11-01,0.96,0.82,41548000,53040000,7494000,0.8714498892846828,45546000
2018-12-31,966756000,24655000,2019-02-11,0.69,0.65,41210169,114151000,13809000,0.5982746637122502,100342000
2019-03-31,1153010000,76289000,2019-04-29,1.98,1.88,40650000,117697000,5608000,1.876728167281673,112089000
2019-06-30,1043316000,28556000,2019-07-29,0.83,0.83,40916000,-45269000,11599000,0.6979176850131977,-56868000
2019-09-30,1043388000,25859000,2019-11-04,0.75,1.01,40317000,-25352000,18761000,0.6413919686484609,-44113000
2019-12-31,1075090000,20395000,2020-02-11,0.57,0.55,39550980,158077000,20339000,0.5156635815345157,137738000
2020-03-31,1229483000,62092000,2020-05-04,1.7,1.61,39068000,23787000,15625000,1.5893314221357633,8162000
2020-06-30,993366000,51851000,2020-08-03,1.54,1.09,38646000,91074000,23841000,1.3416912487708947,67233000
2020-09-30,1007820000,20009000,2020-11-02,0.91,0.46,38741000,-8287000,29304000,0.5164812472574275,-37591000
2020-12-31,1056335000,4285000,2021-02-11,0.49,0.3,38245455,239779000,29389000,0.11203945671452988,210390000
2021-03-31,1286835000,61922000,2021-05-03,1.82,1.56,38839000,1971000,12072000,1.594325291588352,-10101000
2021-06-30,1185371000,25154000,2021-08-02,0.91,0.66,38823000,5024000,8636000,0.6479148958091853,-3612000
2021-09-30,1209628000,27296000,2021-11-01,0.89,0.86,38881000,47848000,2895000,0.7020395565957666,44953000
2021-12-31,1291236000,9708000,2022-02-10,0.34,0.74,38316000,205312000,9304000,0.25336673974318824,196008000
2022-03-31,1577837000,69884000,2022-04-26,1.99,1.8,38693000,58847000,4686000,1.8061148011268189,54161000
2022-06-30,1432107000,33599000,2022-08-01,1.16,0.99,38588000,-36062000,4357000,0.8707111018969628,-40419000
2022-09-30,1439160000,37669000,2022-10-31,1.23,0.97,38546000,99245000,7405000,0.977247963472215,91840000
2022-12-31,1489714000,38198000,2023-02-09,1.21,0.91,38583838,225661000,13881000,0.9900000098486833,211780000
2023-03-31,1770000000,95000000,2023-04-26,2.67,2.48,39000000,39352000,6849000,2.4358974358974357,32503000
2023-06-30,1585000000,12000000,2023-08-01,0.64,1.25,39000000,-108989000,7168000,0.3076923076923077,-116157000
2023-09-30,1551000000,45000000,2023-10-31,1.46,0.86,38217241,210000000,8000000,1.177479033612081,202000000
2023-12-31,1580203000,19561000,2024-02-08,0.75,0.65,37617307,58217000,17591000,0.5200000095700631,40626000
2024-03-31,1802000000,79000000,2024-05-01,2.27,2.13,38000000,31000000,5000000,2.0789473684210527,26000000
2024-06-30,1605000000,18000000,2024-08-01,0.86,0.73,37500000,20000000,6000000,0.48,14000000
2024-09-30,1561000000,3000000,2024-10-31,0.39,0.33,38000000,-150000000,14000000,0.07894736842105263,-164000000
2024-12-31,1613000000,-9000000,2025-02-10,0.05,0.02,40909000,619000000,13000000,-0.2200004888899753,606000000
2025-03-31,1863000000,51000000,2025-04-29,1.57,2.02,38000000,-443000000,6000000,1.3421052631578947,-449000000
2025-06-30,1658000000,-5000000,2025-08-01,0.26,0.41,35714286,-79000000,7000000,-0.13999999888,-86000000
2025-09-30,1623000000,-20000000,2025-10-30,-0.2,0.22,38000000,-11000000,9000000,-0.5263157894736842,-20000000
