fiscalDateEnding,totalRevenue,netIncome,reportedDate,reportedEPS,estimatedEPS,commonStockSharesOutstanding,operatingCashflow,capitalExpenditures,eps_computed_simple,freeCashFlow
2005-09-30,912000000,147700000,2005-10-19,0.67,0.65,221673000,95900000,99800000,0.666296752423615,-3900000
2005-12-31,947100000,147600000,2006-01-18,0.67,0.69,217646000,242600000,28800000,0.6781654613454876,213800000
2006-03-31,1029500000,163000000,2006-04-18,0.74,0.68,221475000,135000000,47900000,0.7359747149791173,87100000
2006-06-30,1134100000,167900000,2006-07-19,0.76,0.77,221589000,48600000,57200000,0.7577090920578188,-8600000
2006-09-30,1117400000,163700000,2006-10-18,0.74,0.76,221774000,182500000,64800000,0.7381388260120664,117700000
2006-12-31,1192000000,170800000,2007-01-17,0.77,0.77,218800000,22300000,68600000,0.7806215722120659,-46300000
2007-03-31,1260600000,186700000,2007-04-17,0.84,0.79,223191000,111300000,61200000,0.8365032640205026,50100000
2007-06-30,1338100000,206900000,2007-07-18,0.92,0.88,224187000,256100000,63200000,0.9228902657156749,192900000
2007-09-30,1381400000,208300000,2007-10-17,0.93,0.87,224186000,234800000,54700000,0.9291391969168459,180100000
2007-12-31,1438900000,125000000,2008-01-16,0.55,0.94,220320000,278500000,74400000,0.5673565722585331,204100000
2008-03-31,1557000000,385200000,2008-04-15,1.71,1.15,223529000,271100000,79200000,1.7232663323327175,191900000
2008-06-30,1434200000,215600000,2008-07-16,0.96,1.06,223869000,300800000,70300000,0.9630632200081297,230500000
2008-09-30,1313700000,-148300000,2008-10-22,-0.58,-0.29,221899000,347300000,72500000,-0.6683220744572982,274800000
2008-12-31,1200200000,342300000,2009-01-21,1.47,0.85,224706000,-63900000,86000000,1.52332380977811,-149900000
2009-03-31,1010300000,161800000,2009-04-21,0.61,0.97,224401000,446800000,105900000,0.7210306549436054,340900000
2009-06-30,1139700000,314200000,2009-07-22,0.95,0.5,236346000,-103600000,76800000,1.32940688651384,-180400000
2009-09-30,1012600000,187900000,2009-10-21,0.77,0.8,242631000,349300000,60900000,0.7744270105633657,288400000
2009-12-31,1139800000,200300000,2010-01-20,0.82,0.67,242023000,322200000,70600000,0.82760729352169,251600000
2010-03-31,981800000,157200000,2010-04-20,0.64,0.72,242513000,34800000,80400000,0.6482126731350484,-45600000
2010-06-30,1049300000,199600000,2010-07-21,0.82,0.72,242597000,732600000,55600000,0.822763678033941,677000000
2010-09-30,986200000,155600000,2010-10-21,0.64,0.7,242158000,152000000,75300000,0.6425556867830094,76700000
2010-12-31,1008600000,157100000,2011-01-19,0.64,0.71,242743000,-129200000,99800000,0.6471865306105634,-229000000
2011-03-31,1010600000,151000000,2011-04-19,0.61,0.65,242969629,72900000,77900000,0.6214768513310772,-5000000
2011-06-30,1058400000,152000000,2011-07-20,0.62,0.68,241912058,490300000,19800000,0.6283275056921718,470500000
2011-09-30,1061800000,170400000,2011-10-19,0.7,0.69,241193993,-700200000,177200000,0.7064852564549565,-877400000
2011-12-31,1038600000,130200000,2012-01-18,0.53,0.67,241196000,1391300000,96200000,0.5398099470969668,1295100000
2012-03-31,1050000000,161200000,2012-04-17,0.66,0.66,241556000,757600000,57300000,0.667340078491116,700300000
2012-06-30,1055900000,179600000,2012-07-18,0.73,0.75,241368000,-218300000,57300000,0.7440920088827019,-275600000
2012-09-30,1050000000,178800000,2012-10-17,0.73,0.74,240697000,251900000,62700000,0.7428426611050408,189200000
2012-12-31,1037600000,167700000,2013-01-16,0.69,0.75,239916000,23200000,135200000,0.6989946481268444,-112000000
2013-03-31,1037000000,164000000,2013-04-16,0.67,0.71,240189215,312500000,72300000,0.6827950205840841,240200000
2013-06-30,1075700000,191100000,2013-07-17,0.78,0.83,241040681,-1594200000,90100000,0.7928122307288038,-1684300000
2013-09-30,1101300000,206500000,2013-10-16,0.84,0.81,241330652,2242600000,85200000,0.8556724903722549,2157400000
2013-12-31,1065100000,169700000,2014-01-22,0.7,0.76,239656000,-121600000,137300000,0.70809827419301,-258900000
2014-03-31,1090200000,181400000,2014-04-15,0.75,0.78,239050714,538500000,88400000,0.7588347968707594,450100000
2014-06-30,1128900000,181900000,2014-07-16,0.75,0.84,237754000,1001500000,103600000,0.7650765076507651,897900000
2014-09-30,1123400000,204500000,2014-10-22,0.84,0.87,237737129,-266500000,94200000,0.8601937815106702,-360700000
2014-12-31,1170100000,244000000,2015-01-21,0.98,0.8,236369000,-337500000,123300000,1.0322842673954706,-460800000
2015-03-31,1172700000,230700000,2015-04-21,0.94,0.87,235288695,490800000,93900000,0.9804975967927401,396900000
2015-06-30,1193600000,269200000,2015-07-22,1.1,0.96,235232835,1036400000,97500000,1.1443980599052,938900000
2015-09-30,1192300000,234600000,2015-10-21,0.96,0.96,234163190,-1043400000,92900000,1.0018654084785914,-1136300000
2015-12-31,1198000000,239300000,2016-01-20,0.99,0.91,232236000,1350600000,149200000,1.030417334091183,1201400000
2016-03-31,1234200000,245400000,2016-04-19,1.01,0.94,229797945,-295500000,77000000,1.0678946672042693,-372500000
2016-06-30,1246100000,263000000,2016-07-20,1.09,1.05,229279540,-211700000,108800000,1.147071387180906,-320500000
2016-09-30,1259800000,257600000,2016-10-19,1.08,1.09,228055195,1178700000,122600000,1.1295511159042002,1056100000
2016-12-31,1280600000,266500000,2017-01-18,1.11,1.13,229480000,838500000,165000000,1.161321248039045,673500000
2017-03-31,1341200000,276100000,2017-04-25,1.09,1.06,230630876,784700000,94200000,1.1971510700934944,690500000
2017-06-30,1396900000,267900000,2017-07-19,1.12,1.23,230637823,-472100000,125200000,1.161561432185388,-597300000
2017-09-30,1444800000,298400000,2017-10-18,1.2,1.12,229313645,557100000,132500000,1.3012745054922483,424600000
2017-12-31,1532600000,356600000,2018-01-24,1.51,1.37,228067000,850700000,120900000,1.563575615937422,729800000
2018-03-31,1597900000,381600000,2018-04-17,1.58,1.4,227047519,-477800000,85800000,1.6807054385826607,-563600000
2018-06-30,1660500000,390400000,2018-07-18,1.68,1.63,225611397,332300000,111700000,1.7304090360293278,220600000
2018-09-30,1665300000,374500000,2018-10-17,1.58,1.61,223860014,1453900000,130600000,1.672920470736681,1323300000
2018-12-31,1735200000,409900000,2019-01-23,1.8,1.64,221502000,459100000,177900000,1.8505476248521457,281200000
2019-03-31,1721700000,347100000,2019-04-23,1.48,1.47,219270215,293700000,91000000,1.5829783356576723,202700000
2019-06-30,1729400000,389400000,2019-07-24,1.75,1.67,217169539,84800000,145500000,1.7930691467738484,-60700000
2019-09-30,1741000000,384600000,2019-10-23,1.69,1.64,214206576,577100000,118000000,1.7954630860632401,459100000
2019-12-31,1703000000,371100000,2020-01-22,1.7,1.73,211855000,1636400000,245300000,1.7516697741379716,1391100000
2020-03-31,1708800000,360600000,2020-04-21,1.55,1.45,209816822,-2685300000,132400000,1.7186419876286183,-2817700000
2020-06-30,1540300000,313300000,2020-07-22,1.46,1.37,208568357,3183700000,132000000,1.502145409334552,3051700000
2020-09-30,1511900000,294500000,2020-10-21,1.32,1.37,208688494,-77900000,125700000,1.4111942367076549,-203600000
2020-12-31,1540100000,240900000,2021-01-21,1.12,1.49,208962000,1476300000,170300000,1.1528411864358112,1306000000
2021-03-31,1593200000,375100000,2021-04-20,1.7,1.49,208946000,68300000,105500000,1.7952006738583175,-37200000
2021-06-30,1587800000,368100000,2021-07-21,1.72,1.72,209138090,-1236000000,102900000,1.760081102395073,-1338900000
2021-09-30,1638700000,395700000,2021-10-20,1.8,1.68,208923306,481800000,135300000,1.8939964505443927,346500000
2021-12-31,1668600000,406400000,2022-01-20,1.91,1.81,208593000,2041900000,171400000,1.948291649288327,1870500000
2022-03-31,1721200000,389300000,2022-04-26,1.77,1.64,208809133,746900000,149000000,1.8643820526758281,597900000
2022-06-30,1830200000,396200000,2022-07-20,1.86,1.93,208878350,-1610800000,168200000,1.896797825145593,-1779000000
2022-09-30,2041100000,394800000,2022-10-19,1.8,1.85,208888572,-895700000,178700000,1.8900028671745623,-1074400000
2022-12-31,2154600000,155700000,2023-01-19,0.71,1.79,208894000,4152000000,57900000,0.7453541030379044,4094100000
2023-03-31,2668800000,334600000,2023-04-25,1.51,1.51,208730389,-164900000,11500000,1.603024847522322,-176400000
2023-06-30,2980600000,331800000,2023-07-19,1.56,1.61,207816015,-99400000,20100000,1.5966045735214391,-119500000
2023-09-30,3205300000,327800000,2023-10-18,1.49,1.49,207253000,86700000,21100000,1.5816417615185305,65600000
2023-12-31,3261800000,113100000,2024-01-18,0.52,0.91,206484000,2803200000,210300000,0.5477421979426977,2592900000
2024-03-31,3564300000,214700000,2024-04-16,0.96,1.06,205135000,-1452600000,127800000,1.0466278304531162,-1580400000
2024-06-30,4699100000,896100000,2024-07-17,4.34,1.73,203739000,2990300000,182300000,4.398274262659579,2808000000
2024-09-30,3936400000,464900000,2024-10-23,2.22,1.93,200549000,611100000,208900000,2.318136714718099,402200000
2024-12-31,3675800000,455400000,2025-01-23,2.26,2.0,198114000,-2634800000,226500000,2.298676519579636,-2861300000
2025-03-31,3512700000,392000000,2025-04-22,1.9,1.84,196125000,2749800000,183500000,1.9987253027405991,2566300000
2025-06-30,3600200000,421300000,2025-07-23,2.13,2.04,193374888,1869500000,217500000,2.1786696522870126,1652000000
2025-09-30,3578900000,457600000,2025-10-22,2.29,2.24,191001000,525800000,168300000,2.3957989748744772,357500000
