fiscalDateEnding,totalRevenue,netIncome,reportedDate,reportedEPS,estimatedEPS,commonStockSharesOutstanding,operatingCashflow,capitalExpenditures,eps_computed_simple,freeCashFlow
2005-09-30,1867000,-2727000,2005-11-08,-1.2,-2.2,2173481,-789000,23000,-1.2546693529872126,-812000
2005-12-31,2244000,6155000,2006-03-01,2.6,-1.6,2613369,7718000,127000,2.3551974481980924,7591000
2006-03-31,1303000,-5495000,2006-05-15,-2.2,-2.7,2613369,-4328000,227000,-2.102649874548906,-4555000
2006-06-30,839000,-6411000,2006-08-14,-2.0,-1.47,3073250,-4829000,428000,-2.0860652403807043,-5257000
2006-09-30,1193000,-5014000,2006-11-14,-1.6,-2.13,3075047,-3239000,473000,-1.6305441835523165,-3712000
2006-12-31,1348000,-6148000,2007-03-14,-2.0,-1.87,3061053,-2414000,388000,-2.008459180549961,-2802000
2007-03-31,668000,-8388000,2007-05-10,-2.8,-2.0,3061053,-6697000,556000,-2.7402335078811113,-7253000
2007-06-30,158000,-8194000,2007-08-09,-2.6,-2.53,3065597,-5952000,318000,-2.6728888369867274,-6270000
2007-09-30,1315000,-8966000,2007-11-12,-3.0,-2.6,3069972,-9159000,416000,-2.9205478095565693,-9575000
2007-12-31,-629000,-9217000,2008-03-14,-3.0,-2.87,3064007,-4934000,671000,-3.0081523965186765,-5605000
2008-03-31,458000,-7755000,2008-05-09,-2.4,-2.53,3064007,-5202000,1631000,-2.5309994396226903,-6833000
2008-06-30,342000,-9372000,2008-08-08,-2.8,-2.73,3066484,-1970000,2642000,-3.05626900384936,-4612000
2008-09-30,194000,-7842000,2008-11-10,-3.2,-3.0,3326088,-10418000,778000,-2.3577247505177255,-11196000
2008-12-31,70000,-11080000,2009-03-31,-2.2,-2.6,3434622,-6720000,638000,-3.225973629703647,-7358000
2009-03-31,21000,-8349000,2009-05-08,-2.4,-2.4,3434600,-6727000,63000,-2.4308507540907236,-6790000
2009-06-30,29000,-8540000,2009-08-07,-2.0,-2.1,4241600,-7300000,105000,-2.0133911731422103,-7405000
2009-09-30,201000,-7530000,2009-11-06,-1.6,-1.8,4614850,-6417000,188000,-1.631689003976294,-6605000
2009-12-31,74000,-13955000,2010-03-12,-3.0,-1.13,5009400,-12386000,389000,-2.78576276599992,-12775000
2010-03-31,110000,-11412000,2010-05-10,-2.2,-2.48,5009400,-9380000,658000,-2.2781171397772186,-10038000
2010-06-30,7000,-9426000,2010-08-06,-1.8,-2.03,5034700,-9347000,54000,-1.872206884223489,-9401000
2010-09-30,175000,-10355000,2010-11-05,-2.0,-1.77,5354600,-8317000,712000,-1.9338512680685767,-9029000
2010-12-31,51000,-4514000,2011-03-28,-1.2,-1.72,5559400,-5808000,132000,-0.8119581249775155,-5940000
2011-03-31,834000,-7453000,2011-05-10,-1.4,-1.35,5559400,-9041000,41000,-1.3406122962909666,-9082000
2011-06-30,3001000,-4993000,2011-08-05,-0.6,-1.4,5641050,-8398000,137000,-0.885118905168364,-8535000
2011-09-30,5008000,-3212000,2011-11-04,-0.6,-0.97,5755350,-3321000,236000,-0.5580894298348493,-3557000
2011-12-31,5845000,-3705000,2012-03-09,-0.6,-0.77,6027900,-2869000,196000,-0.6146419150948091,-3065000
2012-03-31,4642000,-7336000,2012-05-04,-1.2,-0.76,6027900,-4220000,772000,-1.2170075814130958,-4992000
2012-06-30,7103000,-5920000,2012-08-03,-1.0,-0.96,6346250,-6126000,304000,-0.9328343509946819,-6430000
2012-09-30,5765000,-7217000,2012-11-02,-1.0,-0.87,6708900,-3793000,1126000,-1.075735217397785,-4919000
2012-12-31,4566000,-8035000,2013-03-01,-1.4,-0.87,7422400,-4090000,2139000,-1.082533951282604,-6229000
2013-03-31,3833000,-9996000,2013-05-07,-1.4,-1.14,7422400,-10583000,1542000,-1.346734209959043,-12125000
2013-06-30,3531000,-12633000,2013-08-08,-1.6,-1.2,7615600,-7633000,1615000,-1.6588318714218184,-9248000
2013-09-30,4802000,-15300000,2013-11-07,-1.8,-1.2,8426850,-14880000,1605000,-1.8156250556257676,-16485000
2013-12-31,8748000,-14054000,2014-03-10,-1.4,-1.52,10446350,-12263000,1023000,-1.3453502898141456,-13286000
2014-03-31,7462000,-13810000,2014-05-07,-1.4,-1.44,10446350,-20431000,889000,-1.3219928491769852,-21320000
2014-06-30,8259000,-17864000,2014-08-06,-1.6,-1.35,10858900,-10941000,957000,-1.6451021742533773,-11898000
2014-09-30,8214000,-19727000,2014-11-05,-1.6,-1.37,11915200,-15874000,3031000,-1.6556163555794279,-18905000
2014-12-31,6724000,-31546000,2015-02-26,-2.6,-1.67,11925950,-19768000,2391000,-2.6451561510823036,-22159000
2015-03-31,9877000,-24370000,2015-05-07,-2.0,-2.29,12061150,-30490000,4864000,-2.0205370134688647,-35354000
2015-06-30,13996000,-20641000,2015-08-10,-1.6,-1.86,13404150,-12322000,4376000,-1.5398962261687612,-16698000
2015-09-30,6525000,-33120000,2015-11-09,-2.4,-1.87,13477700,-28527000,4408000,-2.4573925818203404,-32935000
2015-12-31,5853000,-78806000,2016-02-29,-5.8,-2.85,13493150,-54751000,4638000,-5.840444966520049,-59389000
2016-03-31,4218000,-77252000,2016-05-04,-5.8,-5.42,13508950,-69831000,5517000,-5.718579164183745,-75348000
2016-06-30,2505000,-79351000,2016-08-09,-5.8,-5.05,13538000,-62032000,5529000,-5.861353227950953,-67561000
2016-09-30,3231000,-66254000,2016-11-09,-4.8,-5.25,13553200,-62356000,3963000,-4.888439630493168,-66319000
2016-12-31,5399000,-57109000,2017-02-27,-4.2,-4.58,13560000,-61248000,3204000,-4.211578171091445,-64452000
2017-03-31,5680000,-43854000,2017-05-08,-3.2,-3.34,13708900,-38617000,1084000,-3.1989437518692236,-39701000
2017-06-30,6732000,-44465000,2017-08-08,-3.2,-3.16,14172200,-30746000,1234000,-3.137480419412653,-31980000
2017-09-30,8352000,-44607000,2017-11-07,-3.0,-3.2,14821750,-37255000,1225000,-3.009563648017272,-38480000
2017-12-31,10412000,-50843000,2018-03-14,-3.2,-3.09,15805950,-32078000,646000,-3.2167000401747443,-32724000
2018-03-31,9653000,-46352000,2018-05-09,-2.8,-2.68,16848600,-66075000,150000,-2.7510891112614697,-66225000
2018-06-30,10773000,-44492000,2018-08-08,-2.4,-2.43,18796000,-39971000,309000,-2.3670993828474143,-40280000
2018-09-30,7735000,-44570000,2018-11-07,-2.4,-2.35,19116000,-33513000,396000,-2.3315547185603682,-33909000
2018-12-31,6127000,-49334000,2019-03-18,-2.6,-2.6,19158550,-45266000,517000,-2.5750382988274163,-45783000
2019-03-31,3982000,-43218000,2019-05-02,-2.2,-2.4,20442000,-50607000,805000,-2.114176695039624,-51412000
2019-06-30,3357000,-39603000,2019-08-07,-1.69,-1.68,23473000,-30014000,476000,-1.6871724960593022,-30490000
2019-09-30,2507000,-18043000,2019-11-07,-1.11,-0.98,24327000,-32259000,360000,-0.7416861922966251,-32619000
2019-12-31,8816000,-31830000,2020-03-11,-1.13,-1.06,28063000,-23743000,216000,-1.1342336884866193,-23959000
2020-03-31,3377000,-25864000,2020-05-11,-0.58,-0.78,44421000,-23110000,122000,-0.5822471353639045,-23232000
2020-06-30,35538000,-17521000,2020-08-10,-0.3,-0.42,58618000,115634000,3762000,-0.2989013613565799,111872000
2020-09-30,157024000,-197310000,2020-11-09,-3.21,1.73,61554000,-6497000,8726000,-3.205478116775514,-15223000
2020-12-31,279659000,-177564000,2021-03-01,-2.7,-1.49,65725000,-128568000,42012000,-2.7016203879802205,-170580000
2021-03-31,447229000,-222719000,2021-05-10,-3.05,-3.6,73035000,663085000,13781000,-3.0494831245293352,649304000
2021-06-30,298017000,-352317000,2021-08-05,-4.75,-3.63,74118000,144412000,15151000,-4.753460697806201,129261000
2021-09-30,178844000,-322431000,2021-11-04,-4.31,-3.91,74745000,-142143000,12190000,-4.313746738912302,-154333000
2021-12-31,-726509000,-846284000,2022-02-28,-11.18,-1.8,74400000,-342408000,16364000,-11.37478494623656,-358772000
2022-03-31,604670000,203408000,2022-05-09,2.56,2.69,80711000,-88510000,16826000,2.520201707326139,-105336000
2022-06-30,185925000,-510485000,2022-08-08,-6.53,5.5,78143000,-170903000,24576000,-6.532702865259844,-195479000
2022-09-30,734577000,-168613000,2022-11-08,-2.15,1.57,78274000,-38708000,29519000,-2.154138027953088,-68227000
2022-12-31,287826000,-182249000,2023-02-28,-2.28,-0.92,79822000,-117816000,22064000,-2.283192603542883,-139880000
2023-03-31,-6428000,-293905000,2023-05-09,-3.41,-3.46,86158000,-325593000,23558000,-3.411232851273242,-349151000
2023-06-30,424426000,58008000,2023-08-08,0.58,-1.39,104065000,-171938000,7779000,0.5574208427425167,-179717000
2023-09-30,22064000,-130776000,2023-11-09,-1.26,-1.83,103429000,-39655000,18391000,-1.2644036005375667,-58046000
2023-12-31,291342000,-178389000,2024-02-28,-1.44,-0.45,123679000,-176781000,9078000,-1.4423548055854267,-185859000
2024-03-31,93855000,-147550000,2024-05-10,-1.05,-1.06,139916000,-83555000,7250000,-1.0545613082134995,-90805000
2024-06-30,415484000,162381000,2024-08-08,0.99,1.64,165855000,314269000,3125000,0.9790539929456453,311144000
2024-09-30,84512000,-121300000,2024-11-07,-0.7579,-0.83,160049000,-144814000,2012000,-0.7578928953008142,-146826000
2024-12-31,88311000,-81030000,2025-02-26,-0.52,-0.5138,160241000,-173163000,2252000,-0.5056758257874077,-175415000
2025-03-31,666655000,518646000,2025-05-08,2.93,0.7085,177625000,-185502000,1595000,2.919893033075299,-187097000
2025-06-30,239240000,106508000,2025-08-06,0.62,-0.06,177215000,-127462000,247000,0.601010072510792,-127709000
2025-09-30,70445000,-202379000,2025-11-06,-1.25,-0.5427,162353000,107804000,2017000,-1.2465368671967874,105787000
