fiscalDateEnding,totalRevenue,netIncome,reportedDate,reportedEPS,estimatedEPS,commonStockSharesOutstanding,operatingCashflow,capitalExpenditures,eps_computed_simple,freeCashFlow
2010-03-31,10673000000,-143000000,2010-05-07,-0.1476,,4978907000,-5538000000.0,0.0,-0.028721163098647955,-5538000000.0
2010-06-30,11649000000,238000000,2010-08-06,0.1465,,4977189250,4084000000.0,0.0,0.04781815358939787,4084000000.0
2010-09-30,8259000000,-1146000000,2010-11-05,-0.6815,,4975471500,-4084000000.0,0.0,-0.23032992953532141,-4084000000.0
2010-12-31,9176000000,12000000,2011-02-24,-0.0593,,5382890500,-2488000000.0,0.0,0.002229285548349906,-2488000000.0
2011-03-31,9158000000,-528000000,2011-05-06,-0.322,,5039914500,424000000.0,0.0,-0.10476368200293874,424000000.0
2011-06-30,10415000000,-897000000,2011-09-30,0.1743,,5012893000,541000000.0,0.0,-0.17893858895452186,541000000.0
2011-09-30,10897000000,1226000000,2011-12-31,-0.3024,,5080678500,-1867000000.0,0.0,0.24130635307862916,-1867000000.0
2011-12-31,5721000000,-1798000000,2012-03-31,-0.241,,5499781000,1403000000.0,0.0,-0.3269221083530417,1403000000.0
2012-03-31,5663000000,-1545000000,2012-06-30,-0.0724,,5046785500,457000000.0,0.0,-0.3061354598882794,457000000.0
2012-06-30,6965000000,-405000000,2012-09-30,-0.2144,,5085785500,1976000000.0,0.0,-0.07963371636495484,1976000000.0
2012-09-30,5750000000,-1301000000,2012-12-31,-0.3346,,5141964500,,,-0.2530161380927465,
2012-12-31,4604000000,-2503000000,2013-03-31,0.0356,,5154964500,,0.0,-0.4855513553973068,
2013-03-31,7112000000,474000000,2013-06-30,0.0179,,5220893000,2283.0,0.0,0.09078906616167004,2283.0
2013-06-30,7092000000,243000000,2013-09-30,-0.1191,,5240393000,,0.0,0.04637056800892605,
2013-09-30,5768000000,-726000000,2013-12-31,-1.3433,,5210678500,,0.0,-0.13932926393367007,
2013-12-31,3873000000,-8588000000,2014-03-31,0.1599,,5226000000,,0.0,-1.643321852277076,
2014-03-31,5481000000,1270000000,2014-06-30,0.0035,,5237607000,,0.0,0.24247714652893965,
2014-06-30,4809000000,642000000,2014-09-30,0.1114,,5304000000,,0.0,0.12104072398190045,
2014-09-30,4561000000,993000000,2014-10-31,-0.2649,,5285428500,,0.0,0.18787502281035492,
2014-12-31,3709000000,-5676000000,2015-02-26,-0.0186,,5303071500,,0.0,-1.0703231136898683,
2015-03-31,4293000000,-385000000,2015-04-30,-0.0538,,5316535500,,0.0,-0.0724155796570906,
2015-06-30,4455000000,386000000,2015-07-30,-0.0201,,5366678500,,0.0,0.07192530724544055,
2015-09-30,3942000000,1037000000,2015-10-30,-0.3612,,5360643000,,0.0,0.1934469428387602,
2015-12-31,3524000000,-2619000000,2016-03-16,-0.1201,,5364357000,,0.0,-0.4882225399987361,
2016-03-31,3753000000,319000000,2016-04-29,-0.1226,,5388500000,,0.0,0.059200148464322165,
2016-06-30,2823000000,-963000000,2016-08-05,-0.0519,,5388500000,,0.0,-0.17871392780922335,
2016-09-30,3936000000,-334000000,2016-10-28,0.089,,5461857000,,0.0,-0.061151362988814975,
2016-12-31,3224000000,-4280000000,2017-02-24,0.1643,,5462785500,,0.0,-0.7834830783672542,
2017-03-31,3736000000,375000000,2017-04-28,0.1726,,5512000000,,0.0,0.06803338171262699,
2017-06-30,3646000000,820000000,2017-08-04,0.2254,,5475321500,,0.0,0.149762895201679,
2017-09-30,3157000000,614000000,2017-10-27,0.1454,,5544964500,,0.0,0.1107310966553528,
2017-12-31,3600000000,-429000000,2018-02-23,0.0788,,5572821500,,0.0,-0.0769807538246111,
2018-03-31,3858000000,723000000,2018-04-27,0.1711,,5578393000,,0.0,0.1296072184229401,
2018-06-30,3933000000,224000000,2018-08-03,0.1782,,5551000000,,0.0,0.0403530895334174,
2018-09-30,3642000000,558000000,2018-10-26,0.0891,,5609964500,,0.0,0.09946587006031857,
2018-12-31,3058000000,468000000,2019-02-15,0.1615,,5609035500,,0.0,0.08343680477686405,
2019-03-31,3751000000,807000000,2019-04-09,0.1422,,5611821500,,0.0,0.1438035760759675,
2019-06-30,4080000000,1433000000,2019-08-02,0.2505,0.25,5619714500,6982000000.0,0.0,0.2549951603413305,6982000000.0
2019-09-30,3818000000,-210000000,2019-10-24,0.1242,0.12,5620643000,,0.0,-0.03736227331997424,
2019-12-31,5097000000,1509000000,2020-02-14,0.3019,0.3,5624357000,-3102000000.0,0.0,0.2682973360332568,-3102000000.0
2020-03-31,3903000000,393000000,2020-05-01,0.0602,0.06,5619946500,,0.0,0.06992949132167005,
2020-06-30,3273000000,-890000000,2020-07-31,-0.2153,-0.05,5621107000,14551000000.0,0.0,-0.1583318019030771,14551000000.0
2020-09-30,3009000000,146000000,2020-10-30,0.0129,-0.0275,5664285500,,0.0,0.025775536914585256,
2020-12-31,2535000000,-21000000,2021-02-19,-0.0252,-0.03,5623016000,29095000000.0,0.0,-0.003734650586091165,29095000000.0
2021-03-31,3009000000,712000000,2021-04-29,0.1422,0.0858,5644257500,,0.0,0.12614591024594465,
2021-06-30,3110000000,1317000000,2021-07-30,0.2948,0.1673,5644257500,30626000000.0,0.0,0.2333344997105465,30626000000.0
2021-09-30,3116000000,742000000,2021-10-29,0.159,0.1204,5349206500,,0.0,0.1387121622618233,
2021-12-31,2733000000,497000000,2022-02-18,0.1032,0.0812,5302631500,53684000000.0,0.0,0.09372704854184191,53684000000.0
2022-03-31,3411000000,900000000,2022-04-29,0.1883,0.1323,5256250000,,0.0,0.17122473246135553,
2022-06-30,3236000000,1112000000,2022-07-29,0.2434,0.1556,4921052632,4000000.0,0.0,0.22596791441916853,4000000.0
2022-09-30,3930000000,254000000,2022-10-28,1.9,0.13,4921052632,400000000.0,0.0,0.05161497325761583,400000000.0
2022-12-31,5082000000,1323000000,2023-02-17,0.305,,9707692307,500000000.0,0.0,0.13628367671336414,500000000.0
2023-03-31,3876000000,1340000000,2023-04-28,0.3318,0.2646,9581000000,424000000.0,0.0,0.13986013986013987,424000000.0
2023-06-30,3866000000,1080000000,2023-07-28,0.283,0.279,9357798165,514000000.0,0.0,0.11541176470757958,514000000.0
2023-09-30,6392000000,927000000,2023-10-27,0.238,0.2561,8871000000,428000000.0,0.0,0.10449780182617517,428000000.0
2023-12-31,6881000000,1289000000,2024-02-16,30.36,15.87,5499781000,502000000.0,0.0,0.2343729686691161,502000000.0
2024-03-31,3382000000,978000000,2024-04-26,21.4,18.38,5499781000,,0.0,0.1778252624968158,
2024-06-30,3704000000,1250000000,2024-07-26,28.97,18.68,4332372000,14072000000.0,0.0,0.28852554674437003,14072000000.0
2024-09-30,3499000000,1245000000,2024-10-25,29.18,0.29,4185714500,,0.0,0.2974402578102257,
2024-12-31,7260000000,1329000000,2025-02-14,0.38,0.26,4105263000,1772000000.0,0.0,0.32373078168195313,1772000000.0
2025-03-31,7269000000,1342000000,2025-05-02,0.41,0.34,4105263000,,0.0,0.3268974484704147,
2025-06-30,7255000000,1332000000,2025-07-25,0.41,0.41,4105263000,5117000000.0,0.0,0.3244615509408289,5117000000.0
2025-09-30,7546000000,1680000000,2025-10-24,0.5269,0.46,4105263000,,0.0,0.4092307849704148,
