fiscalDateEnding,totalRevenue,netIncome,reportedDate,reportedEPS,estimatedEPS,commonStockSharesOutstanding,operatingCashflow,capitalExpenditures,eps_computed_simple,freeCashFlow
2005-09-30,58638000,8421000,2005-10-26,0.29,0.27,25140000,-19429000,1798000,0.33496420047732695,-21227000
2006-03-31,24165000,8050000,2006-04-13,0.29,0.27,24750000,-335000,2046000,0.32525252525252524,-2381000
2006-06-30,64945000,8050000,2006-09-22,0.05,0.17,24750000,-243000,2046000,0.32525252525252524,-2289000
2006-09-30,70750000,2377000,2006-11-01,0.05,0.06,24564000,-2560000,3520000,0.09676762742224393,-6080000
2006-12-31,49439000,-18051000,2007-02-15,-0.78,-0.29,24564000,-34446000,1839000,-0.7348558866634098,-36285000
2007-03-31,76751000,10991000,2007-05-03,0.04,0.14,24565000,-35255000,1093000,0.44742519845308365,-36348000
2007-06-30,78597000,6447000,2007-07-26,0.21,0.23,24565000,-29324000,1040000,0.26244657032363117,-30364000
2007-09-30,82060000,8452000,2007-10-29,0.3,0.23,24506000,38805000,1952000,0.34489512772382275,36853000
2007-12-31,94580000,15375000,2008-02-07,0.59,0.34,24164000,-13093000,2940000,0.6362771064393312,-16033000
2008-03-31,90965000,16848000,2008-05-06,0.64,0.43,24289000,4766000,1098000,0.6936473300671085,3668000
2008-06-30,91808000,14427000,2008-07-30,0.54,0.49,24384000,-28374000,1129000,0.5916584645669292,-29503000
2008-09-30,86532000,-44896000,2008-11-13,-1.89,0.45,24374000,19248000,982000,-1.8419627471896283,18266000
2008-12-31,116446000,40411000,2009-03-10,1.61,0.52,24245000,-10142000,1569000,1.6667766549804084,-11711000
2009-03-31,101177000,24748000,2009-04-23,0.97,0.51,24248000,-2944000,1829000,1.0206202573408116,-4773000
2009-06-30,132518000,50914000,2009-07-21,2.04,0.64,24318000,11171000,828000,2.0936754667324617,10343000
2009-09-30,103131000,21327000,2009-10-22,0.83,0.54,24368000,-11425000,920000,0.8752051871306632,-12345000
2009-12-31,40661000,-74045000,2010-01-28,-3.09,0.61,25931000,-40796000,1059000,-2.8554625737534227,-41855000
2010-03-31,79006000,11936000,2010-04-20,0.41,0.51,26183000,-13906000,115000,0.45586831149982815,-14021000
2010-06-30,77306000,645000,2010-08-04,0.38,0.43,33053000,-12787000,184000,0.019514113696184915,-12971000
2010-09-30,85497000,-7821000,2010-11-04,-0.67,0.39,42288000,25635000,611000,-0.1849460839954597,25024000
2010-12-31,73944000,-5450000,2011-02-03,0.22,0.28,46179000,5832000,8491000,-0.11801901297126399,-2659000
2011-03-31,85439000,3081000,2011-04-29,0.04,0.13,46179000,-31419000,887000,0.06671863834210355,-32306000
2011-06-30,97871000,26467000,2011-07-21,0.56,0.23,45656000,-19682000,1587000,0.5797047485544069,-21269000
2011-09-30,93291000,16788000,2011-10-25,0.45,0.28,44105000,5379000,510000,0.3806371159732457,4869000
2011-12-31,69685000,-11886000,2012-01-30,-0.31,0.26,41162000,11688000,384000,-0.2887614790340605,11304000
2012-03-31,80556000,10653000,2012-04-23,0.23,0.18,41162000,15023000,431000,0.2588066663427433,14592000
2012-06-30,75174000,14958000,2012-07-23,0.34,0.28,40808000,-8616000,794000,0.366545775338169,-9410000
2012-09-30,101154000,17761000,2012-10-24,0.35,0.15,42063000,6306000,232000,0.4222475810094382,6074000
2012-12-31,41392000,-18816000,2013-02-07,-0.53,-0.08,51277000,37590000,470000,-0.3669481443922226,37120000
2013-03-31,118007000,21192000,2013-04-25,0.37,0.36,52892000,21905000,1711000,0.4006655070710126,20194000
2013-06-30,127088000,37539000,2013-07-22,0.32,0.37,52968000,39242000,4526000,0.7087109198006344,34716000
2013-09-30,118597000,19621000,2013-10-28,0.34,0.4,53322000,65310000,510000,0.3679719440381081,64800000
2013-12-31,128963000,20094000,2014-02-03,0.35,0.35,52987000,47351000,2373000,0.3792250929473267,44978000
2014-03-31,121591000,23747000,2014-04-28,0.42,0.34,52598000,40644000,2532000,0.4514810449066504,38112000
2014-06-30,119942000,21309000,2014-07-23,0.38,0.38,52352000,54209000,1568000,0.40703316014669927,52641000
2014-09-30,116285000,19532000,2014-10-23,0.34,0.38,52362000,65723000,2526000,0.37301860127573433,63197000
2014-12-31,118113000,20593000,2015-01-30,0.36,0.35,52000000,14424000,1283000,0.3960192307692308,13141000
2015-03-31,106162000,-2988000,2015-04-24,0.21,0.21,51977000,34165000,864000,-0.05748696538853724,33301000
2015-06-30,86312000,-3109000,2015-07-24,-0.15,0.28,51774000,12342000,974000,-0.06004944566770966,11368000
2015-09-30,135752000,4569000,2015-10-23,0.03,0.08,51146000,20306000,1640000,0.0893324991201658,18666000
2015-12-31,99846000,-976000,2016-02-01,-0.1,0.28,51069000,30269000,1805000,-0.01911139830425503,28464000
2016-03-31,106835000,14171000,2016-04-22,0.24,0.24,51064000,23478000,1922000,0.2775144916183613,21556000
2016-06-30,89784000,14339000,2016-07-22,0.25,0.25,51095000,7777000,1155000,0.2806341129269009,6622000
2016-09-30,96189000,15120000,2016-10-21,0.26,0.24,51111000,15557000,727000,0.29582673005810883,14830000
2016-12-31,98389000,15556000,2017-01-31,0.27,0.26,51098000,31700000,1493000,0.30443461583623627,30207000
2017-03-31,95209000,15150000,2017-04-21,0.26,0.26,51131000,24999000,1489000,0.29629774500792083,23510000
2017-06-30,100182000,17104000,2017-07-21,0.3,0.27,51100000,-19364000,2171000,0.3347162426614481,-21535000
2017-09-30,99003000,3319000,2017-10-25,0.4,0.27,51102000,100420000,611000,0.06494853430394114,99809000
2017-12-31,93378000,17073000,2018-01-30,0.3,0.13,51104000,45385000,2198000,0.3340834376956794,43187000
2018-03-31,91912000,16917000,2018-04-20,0.3,0.2,51121000,35401000,1580000,0.33092075663621606,33821000
2018-06-30,97778000,19649000,2018-07-20,0.35,0.3,51226000,13060000,2017000,0.38357474719868817,11043000
2018-09-30,101974000,23100000,2018-10-19,0.42,0.36,51464000,25166000,4510000,0.44885745375408054,20656000
2018-12-31,109255000,24744000,2019-01-22,0.45,0.42,51602000,59728000,3384000,0.47951629781791405,56344000
2019-03-31,102726000,23470000,2019-04-18,0.42,0.39,51626000,20678000,2220000,0.45461589121760354,18458000
2019-06-30,108338000,23979000,2019-07-22,0.43,0.43,51680000,13690000,4111000,0.4639899380804954,9579000
2019-09-30,106245000,7383000,2019-10-21,0.48,0.43,51772000,6641000,2829000,0.1426060418759175,3812000
2019-12-31,101075000,-991000,2020-01-29,-0.04,0.33,51791000,68608000,3806000,-0.019134598675445542,64802000
2020-03-31,143807000,1801000,2020-04-29,-0.07,0.43,51713000,19055000,3730000,0.034826832711310506,15325000
2020-06-30,136272000,21787000,2020-07-24,0.39,0.22,51470000,2499000,3614000,0.42329512337283853,-1115000
2020-09-30,131719000,27438000,2020-10-23,0.5,0.35,51527000,28240000,4168000,0.5324975255691191,24072000
2020-12-31,136111000,23301000,2021-01-25,0.42,0.45,51527000,-76355000,3751000,0.4522095212218837,-80106000
2021-03-31,131316000,30373000,2021-04-21,0.56,0.45,51752000,36404000,3564000,0.5868951924563302,32840000
2021-06-30,134396000,40827000,2021-07-21,0.78,0.53,52342000,32030000,6069000,0.780004585227924,25961000
2021-09-30,133133000,41671000,2021-10-20,0.81,0.68,51516000,23687000,4518000,0.8088943240934855,19169000
2021-12-31,140238000,33280000,2022-01-19,0.66,0.76,50299000,7923000,8902000,0.6616433726316626,-979000
2022-03-31,132847000,37521000,2022-04-21,0.76,0.64,49484000,39203000,9072000,0.758245089321801,30131000
2022-06-30,146467000,40432000,2022-07-21,0.84,0.74,48389000,50480000,8308000,0.835561801235818,42172000
2022-09-30,153186000,41919000,2022-10-20,0.87,0.85,48183000,25863000,7448000,0.8699956416163377,18415000
2022-12-31,168122000,46367000,2023-01-26,0.97,0.92,47964000,48910000,6171000,0.9667041948127763,42739000
2023-03-31,165282000,46229000,2023-04-20,0.96,0.86,47944000,52200000,3118000,0.964229100617387,49082000
2023-06-30,175933000,44173000,2023-07-20,0.93,0.88,47490000,47143000,4538000,0.9301537165719099,42605000
2023-09-30,184030000,44873000,2023-10-20,0.95,0.94,48251000,88790000,3953000,0.9299910882676007,84837000
2023-12-31,202905000,46597000,2024-01-24,0.94,0.93,47386000,107524000,6248000,0.9833495125142447,101276000
2024-03-31,201298000,49692000,2024-04-18,1.05,0.95,47343000,60991000,6186000,1.04961662759014,54805000
2024-06-30,206557000,51131000,2024-07-18,1.08,0.96,47131000,95086000,4717000,1.0848698308968618,90369000
2024-09-30,204855000,47000000,2024-10-16,1.0,1.02,47000000,58145000,23539000,1.0,34606000
2024-12-31,210063000,50347000,2025-01-22,1.09,0.97,46248000,38278000,7271000,1.0886308597128525,31007000
2025-03-31,206835000,45572000,2025-04-22,1.0,0.97,45509000,83071000,4350000,1.0013843415588126,78721000
2025-06-30,210330000,51801000,2025-07-16,1.15,1.05,45033000,35932000,4149000,1.1502897874891747,31783000
2025-09-30,216653000,51838000,2025-10-22,1.16,1.16,44658000,39502000,3986000,1.1607774642841149,35516000
