fiscalDateEnding,totalRevenue,netIncome,reportedDate,reportedEPS,estimatedEPS,commonStockSharesOutstanding,operatingCashflow,capitalExpenditures,eps_computed_simple,freeCashFlow
2005-09-30,30688000,1415000,2005-10-20,0.05,0.04,27297000,2999000,726000,0.05183719822691138,2273000
2005-12-31,33481000,2237000,2006-01-30,0.08,0.07,25906000,-1758000,453000,0.08635065235852699,-2211000
2006-03-31,33913000,1016000,2006-04-20,0.1,0.08,27795000,3303000,1197000,0.036553336931102715,2106000
2006-06-30,35972000,2133000,2006-07-20,0.13,0.11,28508000,3593000,549000,0.07482110284832327,3044000
2006-09-30,40930000,3116000,2006-10-19,0.17,0.15,29450000,3624000,987000,0.10580645161290322,2637000
2006-12-31,43895000,4909000,2007-01-30,0.19,0.17,28902000,8987000,1053000,0.1698498373814961,7934000
2007-03-31,48161000,3965000,2007-04-24,0.22,0.18,30568000,-190000,673000,0.12971080868882492,-863000
2007-06-30,51822000,18093000,2007-07-19,0.24,0.23,32830000,14757000,856000,0.5511117879987816,13901000
2007-09-30,55152000,6940000,2007-10-18,0.27,0.25,35833000,1608000,3463000,0.19367622024390924,-1855000
2007-12-31,57946000,14297000,2008-01-31,0.28,0.28,33820000,21052000,1976000,0.4227380248373743,19076000
2008-03-31,62090000,3733000,2008-04-21,0.19,0.18,35582000,11082000,2390000,0.10491259625653421,8692000
2008-06-30,63374000,2753000,2008-07-21,0.17,0.16,32549000,8881000,3008000,0.08458017143383821,5873000
2008-09-30,64345000,2914000,2008-10-23,0.18,0.17,32138000,2477000,3546000,0.0906714792457527,-1069000
2008-12-31,62055000,3323000,2009-01-29,0.17,0.16,33108000,-2905000,3386000,0.10036849099915428,-6291000
2009-03-31,52204000,-1871000,2009-04-30,0.07,0.05,31453000,-1727000,1588000,-0.059485581661526725,-3315000
2009-06-30,52643000,904000,2009-07-23,0.1,0.08,31961000,7690000,144000,0.028284471699884232,7546000
2009-09-30,53957000,854000,2009-10-22,0.1,0.1,32380000,18351000,455000,0.02637430512662137,17896000
2009-12-31,54653000,556000,2010-01-28,0.11,0.1,32063000,18816000,1569000,0.017340860181517637,17247000
2010-03-31,54160000,979000,2010-04-26,0.09,0.1,33153000,7933000,1873000,0.029529755979850993,6060000
2010-06-30,54693000,1965000,2010-07-22,0.12,0.11,33452000,4203000,1646000,0.05874088245844793,2557000
2010-09-30,56286000,1276000,2010-10-27,0.11,0.1,33540000,-3186000,1404000,0.03804412641621944,-4590000
2010-12-31,57268000,672000,2011-01-27,0.11,0.12,33513000,11649000,2165000,0.0200519201503894,9484000
2011-03-31,57160000,670000,2011-05-02,0.11,0.1,34098000,3115000,4271000,0.01964924629010499,-1156000
2011-06-30,61005000,2587000,2011-07-28,0.15,0.13,33981000,4156000,3650000,0.07613077896471558,506000
2011-09-30,64439000,2994000,2011-10-27,0.16,0.15,34219000,7358000,2546000,0.08749525117624711,4812000
2011-12-31,62931000,4138000,2012-01-26,0.19,0.16,34114000,16614000,2645000,0.12129917335991089,13969000
2012-03-31,64143000,2351000,2012-05-02,0.13,0.13,34341000,7289000,1528000,0.06846044087242655,5761000
2012-06-30,75384000,1375000,2012-08-01,0.2,0.18,34316000,11469000,4222000,0.040068772584217274,7247000
2012-09-30,84331000,6920000,2012-10-25,0.29,0.22,34068000,8719000,7231000,0.2031231654338382,1488000
2012-12-31,90169000,5532000,2013-01-31,0.25,0.25,34128000,12007000,7621000,0.1620956399437412,4386000
2013-03-31,87110000,3385000,2013-05-02,0.21,0.19,34820000,4132000,5247000,0.09721424468696152,-1115000
2013-06-30,93686000,6016000,2013-08-01,0.27,0.25,35374000,17096000,3722000,0.1700684118278962,13374000
2013-09-30,94039000,7755000,2013-10-31,0.31,0.28,36190000,19509000,4767000,0.21428571428571427,14742000
2013-12-31,105750000,6823000,2014-02-04,0.29,0.28,36610000,14526000,6716000,0.18636984430483475,7810000
2014-03-31,101764000,6194000,2014-05-01,0.26,0.24,36305000,1117000,5592000,0.17061010880044072,-4475000
2014-06-30,105052000,7789000,2014-07-31,0.3,0.29,36618000,24304000,7441000,0.21270959637336828,16863000
2014-09-30,112543000,7300000,2014-10-30,0.3,0.31,36832000,8894000,5279000,0.19819721980886185,3615000
2014-12-31,121541000,9236000,2015-02-03,0.39,0.33,36585000,30848000,4290000,0.2524531911985787,26558000
2015-03-31,116221000,6318000,2015-04-30,0.29,0.23,36914000,11314000,4108000,0.17115457549981036,7206000
2015-06-30,112788000,8751000,2015-07-30,0.28,0.32,37030000,-1124000,6008000,0.23632190116122062,-7132000
2015-09-30,125234000,8036000,2015-10-29,0.36,0.36,36613000,-4258000,5741000,0.21948488241881298,-9999000
2015-12-31,130316000,7655000,2016-02-04,0.4,0.39,36172000,27830000,4232000,0.21162777839212651,23598000
2016-03-31,171004000,-378000,2016-04-28,0.35,0.26,35740000,21787000,8405000,-0.010576385002797985,13382000
2016-06-30,172907000,-1159000,2016-07-28,0.38,0.32,35987000,-5834000,5399000,-0.032206074415761246,-11233000
2016-09-30,176737000,1983000,2016-10-27,0.4,0.41,37079000,8517000,8081000,0.053480406699209795,436000
2016-12-31,171974000,157000,2017-02-15,0.37,0.41,37256000,23467000,7280000,0.004214086321666309,16187000
2017-03-31,150554000,-10754000,2017-05-04,0.06,0.02,36840000,28182000,6837000,-0.2919109663409338,21345000
2017-06-30,180885000,837000,2017-07-27,0.31,0.23,38370000,10742000,6564000,0.02181391712275215,4178000
2017-09-30,186782000,7748000,2017-10-26,0.42,0.42,38973000,-18276000,6254000,0.1988043004131065,-24530000
2017-12-31,197944000,24291000,2018-02-01,0.54,0.52,39482000,4186000,10886000,0.6152423889367307,-6700000
2018-03-31,182619000,2720000,2018-04-26,0.29,0.25,39691000,18856000,14540000,0.06852938953415132,4316000
2018-06-30,188673000,6588000,2018-07-26,0.46,0.39,40000000,21871000,13536000,0.1647,8335000
2018-09-30,204267000,13628000,2018-10-25,0.63,0.56,40860000,15787000,13396000,0.3335291238374939,2391000
2018-12-31,211750000,14793000,2019-02-07,0.7,0.67,41465000,47452000,12902000,0.35675871216688776,34550000
2019-03-31,202517000,3284000,2019-04-25,0.61,0.41,42281000,26497000,16697000,0.07767082140914358,9800000
2019-06-30,217413000,15976000,2019-07-25,0.67,0.63,42945000,27263000,15253000,0.37201071137501457,12010000
2019-09-30,228805000,19983000,2019-10-24,0.76,0.67,43052000,56428000,14811000,0.46415962092353436,41617000
2019-12-31,248292000,22095000,2020-02-06,0.77,0.78,43327000,34820000,14903000,0.5099591478754587,19917000
2020-03-31,229686000,11311000,2020-05-07,0.66,0.53,43621000,25231000,13775000,0.25930171247793493,11456000
2020-06-30,199621000,-4299000,2020-07-28,0.37,0.23,42659000,47504000,10038000,-0.10077592067324598,37466000
2020-09-30,213699000,8805000,2020-10-27,0.6,0.49,43691000,36687000,9961000,0.20152891899933625,26726000
2020-12-31,249202000,16377000,2021-02-01,0.91,0.8,44001000,76448000,5577000,0.3721960864525806,70871000
2021-03-31,251843000,14127000,2021-04-29,0.83,0.66,46367000,57415000,5089000,0.304677895917355,52326000
2021-06-30,272739000,20424000,2021-07-29,0.97,0.83,47106000,71773000,5978000,0.4335753407209273,65795000
2021-09-30,296402000,29317000,2021-11-02,1.08,0.91,48341000,42989000,6825000,0.606462423201837,36164000
2021-12-31,311034000,13981000,2022-02-14,0.92,0.92,49849000,59632000,11075000,0.2804670103713214,48557000
2022-03-31,318828000,8213000,2022-04-28,0.83,0.69,47918000,-15996000,15341000,0.1713969698234484,-31337000
2022-06-30,331386000,9069000,2022-08-04,0.84,0.85,46260000,-9551000,9610000,0.19604409857328145,-19161000
2022-09-30,348059000,16774000,2022-11-02,1.0,0.95,45819000,21175000,12762000,0.36609266898011744,8413000
2022-12-31,297674000,-28408000,2023-02-28,0.33,0.09,44678000,82153000,13675000,-0.6358386678007073,68478000
2023-03-31,290629000,-15000000,2023-05-02,0.39,0.07,44887000,12770000,10141000,-0.3341724775547486,2629000
2023-06-30,298973000,3451000,2023-08-01,0.57,0.28,45472000,72903000,11631000,0.07589285714285714,61272000
2023-09-30,298663000,5553000,2023-11-02,0.62,0.47,45595000,57007000,10632000,0.12178966991994736,46375000
2023-12-31,258847000,-14375000,2024-02-08,0.33,0.15,45495000,38414000,12372000,-0.3159687877788768,26042000
2024-03-31,246151000,-15676000,2024-05-02,0.03,-0.09,45732000,49953000,12340000,-0.34277967287676026,37613000
2024-06-30,276788000,3735000,2024-08-01,0.51,0.14,46036000,58700000,13549000,0.08113215744200192,45151000
2024-09-30,282420000,8630000,2024-10-30,0.56,0.42,46427000,22754000,13336000,0.18588321450879877,9418000
2024-12-31,306879000,15842000,2025-02-06,0.6,0.58,46255000,56315000,9087000,0.34249270349151445,47228000
2025-03-31,269668000,-7023000,2025-05-06,0.26,0.2,46596000,25924000,11172000,-0.15072109193922226,14752000
2025-06-30,290562000,5639000,2025-07-31,0.45,0.27,46692000,42755000,11781000,0.12077015334532683,30974000
2025-09-30,310631000,5462000,2025-10-29,0.51,0.36,46657000,28267000,9753000,0.1170671067578284,18514000
