fiscalDateEnding,totalRevenue,netIncome,reportedDate,reportedEPS,estimatedEPS,commonStockSharesOutstanding,operatingCashflow,capitalExpenditures,eps_computed_simple,freeCashFlow
2005-09-30,20201000,1161000,2005-11-21,-0.26,-0.2,16959047,9144000,526000,0.06845903546349037,8618000
2005-12-31,18275000,206000,2006-02-15,-0.16,-0.23,12850000,-3100000,1646000,0.016031128404669262,-4746000
2006-03-31,31848000,-11746000,2006-04-25,-0.1,-0.05,22545167,-5117000,2807000,-0.5209985803165708,-7924000
2006-06-30,56692000,7991000,2006-07-27,-0.16,0.02,28943447,-5811000,1884000,0.27609012844945524,-7695000
2006-09-30,58166000,8071000,2006-11-02,-0.25,-0.21,29119000,19532000,2094000,0.2771729798413407,17438000
2006-12-31,54462000,8390000,2007-02-15,-0.54,-0.2,17620000,12041000,109000,0.47616345062429055,11932000
2007-03-31,48356000,5564000,2007-04-25,-0.26,-0.15,29224000,886000,875000,0.1903914590747331,11000
2007-06-30,47730000,5451000,2007-08-01,-0.01,-0.11,29312000,8451000,197000,0.1859647925764192,8254000
2007-09-30,31461000,1388000,2007-10-30,0.11,0.08,29250000,5086000,249000,0.04745299145299145,4837000
2007-12-31,32582000,-544000,2008-02-20,-0.07,0.06,29281000,9159000,398000,-0.018578600457634643,8761000
2008-03-31,37210000,-1646000,2008-04-29,0.01,-0.02,30533000,-5433000,1403000,-0.05390888546818197,-6836000
2008-06-30,38416000,-1985000,2008-07-31,-0.31,-0.07,30669000,7402000,946000,-0.06472333626789266,6456000
2008-09-30,38986000,-448000,2008-10-30,-0.24,-0.18,30781000,9290000,109000,-0.014554432929404502,9181000
2008-12-31,16428000,-245607000,2009-02-19,-0.14,-0.27,30696000,4130000,538000,-8.001270523846756,3592000
2009-03-31,11061000,-10054000,2009-04-30,-0.54,-0.36,30778000,-4048000,184000,-0.32666190135811296,-4232000
2009-06-30,15341000,-8625000,2009-07-30,-0.25,-0.26,30957000,-1376000,115000,-0.2786122686306813,-1491000
2009-09-30,23330000,-4835000,2009-10-29,0.08,-0.06,31109000,-6711000,44000,-0.15542126072840656,-6755000
2009-12-31,28925000,-6114000,2010-02-18,-0.01,0.03,30998500,76000,244000,-0.19723535009758536,-168000
2010-03-31,40622000,2045000,2010-05-06,0.28,0.11,25290717,6813000,677000,0.0808597083269723,6136000
2010-06-30,48349000,6513000,2010-08-05,0.51,0.27,25359284,4776000,293000,0.2568290177277876,4483000
2010-09-30,52323000,8903000,2010-11-02,0.53,0.55,25437531,6046000,2272000,0.3499946594659678,3774000
2010-12-31,54011000,9554000,2011-02-10,0.34,0.47,23320000,-1313000,1121000,0.4096912521440823,-2434000
2011-03-31,50599000,6739000,2011-04-28,0.45,0.41,25870713,10501000,649000,0.26048760233241347,9852000
2011-06-30,51543000,6957000,2011-07-28,0.47,0.46,25844093,12188000,510000,0.26919110684209346,11678000
2011-09-30,41434000,5300000,2011-10-27,0.32,0.31,26062701,12823000,207000,0.20335574582235355,12616000
2011-12-31,43620000,6230000,2012-02-08,0.06,,26182894,9932000,256000,0.23794161180196505,9676000
2012-03-31,45709000,1862000,2012-04-26,0.12,0.13,32713000,6864000,505000,0.056919267569467795,6359000
2012-06-30,56326000,6346000,2012-07-26,0.13,0.06,32727000,2820000,404000,0.19390717144865097,2416000
2012-09-30,62152000,6661000,2012-10-30,0.1,-0.02,32862000,6076000,374000,0.2026961231817905,5702000
2012-12-31,54299000,28996000,2013-02-04,-0.13,-0.15,33045000,6307000,1146000,0.8774701165077924,5161000
2013-03-31,41650000,393000,2013-04-30,-0.22,-0.27,33239000,-307000,2528000,0.01182346039291194,-2835000
2013-06-30,46059000,759000,2013-07-30,-0.17,-0.2,33155000,-5781000,43000,0.02289247473985824,-5824000
2013-09-30,44044000,252000,2013-10-29,-0.06,-0.08,33426000,2116000,1517000,0.007539041464728056,599000
2013-12-31,44485000,2054000,2014-02-04,0.04,-0.01,33539000,10056000,878000,0.06124213602075196,9178000
2014-03-31,41649000,-724000,2014-04-29,0.09,0.08,33092000,15606000,390000,-0.021878399613199564,15216000
2014-06-30,43018000,-4412000,2014-07-30,0.05,0.05,33240000,-4860000,630000,-0.13273164861612516,-5490000
2014-09-30,46960000,-998000,2014-10-28,-0.24,-0.24,33237000,-12732000,422000,-0.03002677738664741,-13154000
2014-12-31,49591000,1494000,2015-02-02,-0.12,-0.15,33504000,6276000,642000,0.04459169054441261,5634000
2015-03-31,52570000,1848000,2015-04-28,0.14,0.06,32549000,9163000,1072000,0.05677593781683001,8091000
2015-06-30,59466000,6027000,2015-07-23,0.08,0.08,32339000,2938000,672000,0.18636939917746376,2266000
2015-09-30,58597000,7198000,2015-10-29,0.05,0.03,32204000,8553000,3503000,0.22351260712954912,5050000
2015-12-31,51057000,2883000,2016-02-02,0.16,-0.05,32075000,13139000,808000,0.08988308651597818,12331000
2016-03-31,54362000,13939000,2016-04-26,0.16,0.06,31654000,-6323000,1514000,0.4403550894041827,-7837000
2016-06-30,62701000,7601000,2016-07-26,0.26,0.27,31754000,18305000,659000,0.2393714177741387,17646000
2016-09-30,61641000,9286000,2016-10-27,0.33,0.28,31459000,18828000,354000,0.2951778505356178,18474000
2016-12-31,54076000,6126000,2017-02-07,0.33,0.27,25280000,15823000,2764000,0.2423259493670886,13059000
2017-03-31,60679000,7151000,2017-05-02,0.19,0.24,32058000,14224000,1724000,0.22306444569218292,12500000
2017-06-30,67418000,9193000,2017-08-01,0.3,0.31,32146000,15749000,3577000,0.2859764822995085,12172000
2017-09-30,66920000,17369000,2017-11-02,0.22,0.21,32170000,12814000,2146000,0.5399129623873173,10668000
2017-12-31,60081000,-804000,2018-02-06,0.53,0.47,31597000,21584000,3763000,-0.025445453682311613,17821000
2018-03-31,73096000,15130000,2018-05-01,0.67,0.44,32317000,4639000,1442000,0.46817464492372435,3197000
2018-06-30,77476000,14697000,2018-07-31,0.71,0.66,32437000,4820000,736000,0.4530936893054228,4084000
2018-09-30,60432000,7187000,2018-10-30,0.47,0.45,32408000,14980000,1949000,0.22176623056035547,13031000
2018-12-31,62780000,8082000,2019-02-05,0.53,0.4,31645000,10655000,3415000,0.25539579712434823,7240000
2019-03-31,60892000,7576000,2019-04-30,0.19,0.21,25144000,-1566000,1320000,0.30130448615972,-2886000
2019-06-30,61511000,5526000,2019-07-30,0.21,0.21,25250000,11356000,1334000,0.21885148514851485,10022000
2019-09-30,62935000,6560000,2019-11-07,0.31,0.36,25305000,15110000,1547000,0.25923730488045843,13563000
2019-12-31,120558000,-17752000,2020-02-06,0.41,0.39,27656000,-6754000,2601000,-0.6418860283482789,-9355000
2020-03-31,139928000,-4404000,2020-05-05,0.39,0.33,50121000,8898000,997000,-0.08786736098641289,7901000
2020-06-30,134948000,7424000,2020-08-04,0.42,0.35,49014000,37973000,1612000,0.15146692781654222,36361000
2020-09-30,126492000,8091000,2020-11-02,0.4,0.34,49131000,25988000,782000,0.16468217622275141,25206000
2020-12-31,155128000,19914000,2021-02-04,0.72,0.6,49326000,33125000,438000,0.4037221749178932,32687000
2021-03-31,169279000,24113000,2021-04-29,0.73,0.68,49572000,50999000,3875000,0.4864237876220447,47124000
2021-06-30,193387000,35051000,2021-08-05,0.92,0.8,49701000,25429000,5683000,0.7052373191686284,19746000
2021-09-30,200589000,36448000,2021-11-04,0.98,0.92,49762000,49852000,1618000,0.732446445078574,48234000
2021-12-31,225644000,46737000,2022-02-08,1.23,1.11,49847000,49001000,863000,0.937609083796417,48138000
2022-03-31,241350000,53330000,2022-05-03,1.31,1.17,49915000,45456000,2494000,1.0684163077231292,42962000
2022-06-30,256310000,51575000,2022-08-09,1.28,1.27,49907000,9932000,4408000,1.0334221652273228,5524000
2022-09-30,254253000,52215000,2022-10-27,1.35,1.31,49949000,31820000,2884000,1.045366273599071,28936000
2022-12-31,253270000,66214000,2023-02-09,1.57,1.34,49401000,49495000,8619000,1.3403372401368394,40876000
2023-03-31,199165000,29068000,2023-05-04,0.92,0.89,49109000,50067000,7855000,0.5919077969414975,42212000
2023-06-30,190662000,25896000,2023-08-10,0.79,0.84,49274000,31688000,4608000,0.5255510005276617,27080000
2023-09-30,207185000,35886000,2023-11-09,0.96,0.95,49401000,28632000,7647000,0.7264225420538046,20985000
2023-12-31,218856000,30309000,2024-02-08,1.06,1.01,49562000,61586000,2463000,0.6115370646866551,59123000
2024-03-31,228846000,46853000,2024-05-09,1.18,1.08,49638000,57131000,6975000,0.9438937910471816,50156000
2024-06-30,242327000,52949000,2024-08-08,1.32,1.2,49674000,65299000,12253000,1.0659298627048355,53046000
2024-09-30,252210000,53051000,2024-10-31,1.34,1.32,49694000,67247000,8049000,1.0675534269730753,59198000
2024-12-31,263939000,48817000,2025-02-06,1.51,1.41,49630000,55999000,4626000,0.9836187789643361,51373000
2025-03-31,266607000,64095000,2025-05-08,1.51,1.47,49408000,91980000,8233000,1.2972595531088082,83747000
2025-06-30,253597000,33911000,2025-08-07,1.25,1.28,49016000,57943000,13772000,0.6918353190794843,44171000
2025-09-30,218193000,28224000,2025-11-06,0.92,0.87,49106000,83396000,1379000,0.5747566488820104,82017000
