fiscalDateEnding,totalRevenue,netIncome,reportedDate,reportedEPS,estimatedEPS,commonStockSharesOutstanding,operatingCashflow,capitalExpenditures,eps_computed_simple,freeCashFlow
2005-09-30,69290000,12318000,2005-11-09,0.39,0.33,31579000,26352000,38532000,0.3900693498844169,-12180000
2005-12-31,58781000,-5143000,2006-03-07,-0.16,0.09,31563000,73386000,29444000,-0.16294395336311504,43942000
2006-03-31,60321000,7892000,2006-05-09,0.25,0.18,31697000,23855000,39702000,0.2489825535539641,-15847000
2006-06-30,64086000,8395000,2006-08-06,0.24,0.19,35254000,5072000,40313000,0.2381290066375447,-35241000
2006-09-30,77848000,13939000,2006-11-07,0.39,0.39,35609000,26301000,34843000,0.39144598275716813,-8542000
2006-12-31,66682000,4221000,2007-02-27,0.12,0.23,38109000,17807000,44639000,0.11076123750295205,-26832000
2007-03-31,61747000,-5841000,2007-05-08,-0.15,0.24,38109000,8428000,31228000,-0.15327088089427696,-22800000
2007-06-30,84052000,8547000,2007-08-08,0.22,0.21,38255000,6254000,39275000,0.22342177493138152,-33021000
2007-09-30,79467000,15762000,2007-11-06,0.41,0.31,38251000,28786000,75684000,0.41206765836187287,-46898000
2007-12-31,70653000,8908000,2008-02-27,0.22,0.17,42163000,15257000,71321000,0.21127528876028745,-56064000
2008-03-31,69387000,10064000,2008-05-06,0.24,0.17,42271000,33816000,81620000,0.23808284639587424,-47804000
2008-06-30,80221000,12161000,2008-08-05,0.28,0.24,43978000,15808000,96285000,0.2765246259493383,-80477000
2008-09-30,99726000,15911000,2008-11-05,0.35,0.36,45483000,40273000,120666000,0.3498230107952422,-80393000
2008-12-31,95499000,11696000,2009-02-25,0.26,0.25,45353000,27052000,118035000,0.2578881220646925,-90983000
2009-03-31,99889000,14585000,2009-05-11,0.32,0.25,45405000,42534000,73795000,0.3212201299416364,-31261000
2009-06-30,100235000,16051000,2009-08-05,0.35,0.28,45451000,12798000,73818000,0.35314954566456186,-61020000
2009-09-30,119828000,22027000,2009-11-04,0.52,0.37,45564000,22364000,64669000,0.4834299007988763,-42305000
2009-12-31,95292000,14689000,2010-02-24,0.35,0.31,45431000,33076000,58341000,0.3233254825999868,-25265000
2010-03-31,82654000,1838000,2010-05-05,0.04,0.03,45457000,48240000,76492000,0.04043381657390501,-28252000
2010-06-30,96266000,-1437000,2010-08-04,-0.03,0.07,45431000,10694000,62679000,-0.0316303845391913,-51985000
2010-09-30,101477000,32459000,2010-11-02,0.71,0.26,45450000,20710000,56630000,0.7141694169416942,-35920000
2010-12-31,92833000,4458000,2011-02-22,0.1,0.12,45431000,21759000,88984000,0.09812682969778345,-67225000
2011-03-31,97820000,-8975000,2011-05-04,-0.2,,45431000,13066000,55052000,-0.19755233210803197,-41986000
2011-06-30,104614000,8133000,2011-08-03,0.18,-0.04,45443000,26440000,54562000,0.17897145875052264,-28122000
2011-09-30,110841000,866000,2011-11-02,0.02,0.16,45440000,59008000,71157000,0.019058098591549295,-12149000
2011-12-31,123734000,-43080000,2012-02-23,0.4,0.13,45431000,34220000,90692000,-0.9482511941185534,-56472000
2012-03-31,132352000,7895000,2012-05-08,0.18,0.04,45437000,41874000,65430000,0.17375707022910844,-23556000
2012-06-30,129837000,8641000,2012-08-01,0.19,0.13,45438000,30205000,64449000,0.19017122232492628,-34244000
2012-09-30,136137000,-582000,2012-11-06,0.04,0.2,45431000,-9695000,56453000,-0.012810635909401069,-66148000
2012-12-31,116082000,-223021000,2013-02-27,-4.91,0.01,45431000,27087000,46688000,-4.909004864519821,-19601000
2013-03-31,121710000,-1982000,2013-05-07,0.26,0.03,45431000,18216000,49561000,-0.04362659857806344,-31345000
2013-06-30,152679000,25185000,2013-08-07,0.38,0.19,45448000,1734000,52458000,0.5541497975708503,-50724000
2013-09-30,130749000,12950000,2013-11-05,0.28,0.31,45494000,12276000,42618000,0.28465292126434255,-30342000
2013-12-31,130905000,8162000,2014-02-25,0.25,0.15,45610000,54534000,59991000,0.17895198421398817,-5457000
2014-03-31,142436000,21552000,2014-05-08,0.47,0.23,45660000,68076000,48330000,0.47201051248357423,19746000
2014-06-30,127603000,9136000,2014-08-05,0.2,0.33,45963000,35503000,40795000,0.19876857472314688,-5292000
2014-09-30,140242000,16514000,2014-11-05,0.36,0.33,46102000,75191000,33462000,0.3582057177562796,41729000
2014-12-31,149243000,6980000,2015-02-24,0.16,0.38,46189000,34465000,28566000,0.15111823161358764,5899000
2015-03-31,120231000,10032000,2015-05-06,0.26,0.38,48079000,83147000,42386000,0.20865658603548326,40761000
2015-06-30,140487000,14414000,2015-08-03,0.32,0.35,50600000,29579000,43756000,0.2848616600790514,-14177000
2015-09-30,162852000,72139000,2015-11-03,0.46,0.48,51113000,10239000,31446000,1.4113630583217576,-21207000
2015-12-31,171074000,22988000,2016-02-23,0.46,0.44,49668000,67060000,35362000,0.46283321253120724,31698000
2016-03-31,151594000,29271000,2016-05-04,0.59,0.35,49782000,27044000,31031000,0.5879836085332047,-3987000
2016-06-30,159861000,23724000,2016-08-02,0.5,0.42,50137000,92529000,36748000,0.47318347727227394,55781000
2016-09-30,184617000,11959000,2016-11-07,0.24,0.51,50289000,38454000,40172000,0.23780548430074172,-1718000
2016-12-31,166519000,28230000,2017-02-28,0.56,0.44,50293000,1258000,43979000,0.5613107191855725,-42721000
2017-03-31,189898000,35194000,2017-05-08,0.7,0.64,50491000,71463000,52885000,0.69703511516904,18578000
2017-06-30,179364000,35036000,2017-08-03,0.58,0.55,50624000,42695000,63130000,0.692082806573957,-20435000
2017-09-30,157185000,23960000,2017-11-07,0.42,0.47,50867000,52375000,62263000,0.47103229991939766,-9888000
2017-12-31,166365000,40025000,2018-03-01,1.29,0.57,50609051,79042000,81824000,0.7908664400761042,-2782000
2018-03-31,184023000,69508000,2018-05-07,0.48,0.59,51051000,19769000,66962000,1.3615404203639498,-47193000
2018-06-30,178299000,-343000,2018-08-07,0.32,0.43,50958000,47281000,72163000,-0.0067310334000549475,-24882000
2018-09-30,166480000,10581000,2018-11-06,0.31,0.42,50963000,36106000,61532000,0.2076212153915586,-25426000
2018-12-31,190465000,18220000,2019-02-26,0.42,0.57,50936000,42666000,57864000,0.35770378514213913,-15198000
2019-03-31,199038000,25946000,2019-05-06,0.51,0.49,51012000,77437000,51303000,0.5086254214694582,26134000
2019-06-30,184065000,33938000,2019-08-07,0.4,0.33,51094000,78642000,63577000,0.6642267193799664,15065000
2019-09-30,170499000,15605000,2019-11-06,0.3,0.34,51334000,45373000,75650000,0.3039895585771613,-30277000
2019-12-31,192442000,12606000,2020-02-25,0.24,0.52,51511000,35041000,89456000,0.24472442779212208,-54415000
2020-03-31,192113000,26033000,2020-05-11,0.53,0.51,51526000,79756000,80375000,0.5052400729728681,-619000
2020-06-30,174900000,23046000,2020-08-05,0.45,0.38,51362000,74598000,70879000,0.44869748062770143,3719000
2020-09-30,158947000,15679000,2020-11-04,0.31,0.27,51282000,84536000,80530000,0.30574080574080575,4006000
2020-12-31,179382000,20698000,2021-02-24,0.39,0.34,53551000,26115000,88954000,0.38651005583462494,-62839000
2021-03-31,166352000,15259000,2021-05-05,0.42,0.37,56735000,68924000,87896000,0.2689521459416586,-18972000
2021-06-30,146901000,13026000,2021-08-04,0.23,0.22,56316000,29920000,119992000,0.23130193905817176,-90072000
2021-09-30,158842000,14902000,2021-11-03,0.32,0.22,56298000,45947000,80535000,0.2646985683328005,-34588000
2021-12-31,190989000,18905000,2022-02-23,0.41,0.3,56386000,114031000,130849000,0.3352782605611322,-16818000
2022-03-31,183710000,18430000,2022-05-02,0.35,0.33,56366000,81776000,137246000,0.3269701593158997,-55470000
2022-06-30,169078000,11260000,2022-08-03,0.22,0.2,56498000,33514000,126193000,0.1992990902332826,-92679000
2022-09-30,175885000,18110000,2022-11-02,0.33,0.26,56457000,90957000,144939000,0.3207751031758684,-53982000
2022-12-31,205486000,18041000,2023-02-22,0.73,0.48,56501000,74727000,155098000,0.3193040831135732,-80371000
2023-03-31,185232000,29029000,2023-05-09,0.51,0.5,57104000,56456000,106877000,0.5083531801625105,-50421000
2023-06-30,194796000,24191000,2023-08-02,0.4,0.34,60634000,74049000,159836000,0.3989675759474882,-85787000
2023-09-30,208056000,35453000,2023-11-08,0.59,0.35,60570000,39751000,182078000,0.5853227670463926,-142327000
2023-12-31,241340000,35726000,2024-02-21,0.59,0.59,60505000,139145000,169592000,0.5904635980497479,-30447000
2024-03-31,224166000,38587000,2024-05-08,0.64,0.63,60536000,115209000,103386000,0.6374223602484472,11823000
2024-06-30,212963000,22243000,2024-08-06,0.4,0.36,60755000,30695000,146839000,0.36610978520286397,-116144000
2024-09-30,211784000,22082000,2024-11-06,0.36,0.31,60770000,106396000,109716000,0.3633700839229883,-3320000
2024-12-31,230741000,40821000,2025-02-19,0.72,0.5037,60770000,158619000,127737000,0.6717294717788382,30882000
2025-03-31,229762000,40362000,2025-05-08,0.68,0.5963,60840000,88010000,192602000,0.6634122287968441,-104592000
2025-06-30,234018000,28046000,2025-08-06,0.48,0.42,61019000,96897000,134824000,0.45962732919254656,-37927000
2025-09-30,249727000,24137000,2025-11-03,0.41,0.3859,61132000,45154000,147267000,0.39483412942485113,-102113000
