fiscalDateEnding,totalRevenue,netIncome,reportedDate,reportedEPS,estimatedEPS,commonStockSharesOutstanding,operatingCashflow,capitalExpenditures,eps_computed_simple,freeCashFlow
2013-03-31,798678,400358,2013-05-01,1.0,0.9,670287,-928678,0,0.5972933982010691,-928678
2013-06-30,-1094675,-1546152,2013-08-01,-2.3,2.05,672240,8744405,0,-2.3,8744405
2013-09-30,-595701,-997107,2013-11-04,-1.5,2.08,664738,-292436,0,-1.5,-292436
2013-12-31,1861791,1444901,2014-02-18,2.15,2.3,672044,2575182,0,2.150009523185982,2575182
2014-03-31,4129793,3595000,2014-05-01,3.55,2.65,1018710,89193,0,3.528972916728019,89193
2014-06-30,11749000,10635000,2014-07-29,5.85,2.73,1817939,-462000,0,5.8500312716763325,-462000
2014-09-30,8161000,6768000,2014-10-27,3.15,3.28,2148726,8749000,0,3.149773400610408,8749000
2014-12-31,4966000,3520000,2015-02-23,1.2,2.7,2934167,3270495,0,1.1996590514445837,3270495
2015-03-31,7255000,5509000,2015-04-27,1.65,2.75,3369390,-2425000,0,1.63501405298882,-2425000
2015-06-30,-831000,-2832000,2015-07-29,-0.25,0.75,3950374,12749000,0,-0.7168941472377046,12749000
2015-09-30,-7367000,-9417000,2015-10-29,-2.1,2.13,4509003,-7942000,0,-2.0884882977456436,-7942000
2015-12-31,9908000,7809000,2016-02-24,1.8,2.25,4339444,28323000,0,1.7995392958176208,28323000
2016-03-31,-2411000,-4591000,2016-04-27,-1.05,2.1,4351213,-11900000,0,-1.0551080813557048,-11900000
2016-06-30,8597000,6463000,2016-07-27,1.45,2.23,4384115,9083000,0,1.4741857820791653,9083000
2016-09-30,29174000,20526000,2016-10-31,4.25,1.98,4826668,16890000,0,4.252623134634494,16890000
2016-12-31,23657000,-20418000,2017-02-16,-3.6,2.1,5699000,32973000,0,-3.58273381294964,32973000
2017-03-31,30961000,2449000,2017-04-27,0.35,1.8,6613812,17618000,0,0.37028569907944164,17618000
2017-06-30,38514000,-9643000,2017-07-31,-1.3,2.15,7442272,6284000,0,-1.2957064724320746,6284000
2017-09-30,39743000,15183000,2017-10-26,1.65,2.13,9071024,19717000,0,1.6737911838839805,19717000
2017-12-31,28956000,-5982000,2018-02-08,-0.6,2.1,9662038,41389000,0,-0.6191240398764732,41389000
2018-03-31,31597000,-16377000,2018-04-26,-1.55,1.75,10613169,41550000,0,-1.5430829378105635,41550000
2018-06-30,41274000,1347000,2018-07-26,0.15,1.75,10517494,35859000,0,0.1280723335806039,35859000
2018-09-30,48910000,-2958000,2018-10-25,-0.3,1.8,10406939,17664000,0,-0.28423343309689814,17664000
2018-12-31,30062000,-26399000,2019-02-21,-2.6,1.65,10237685,-1073000,0,-2.5786103010592725,-1073000
2019-03-31,32676000,10597000,2019-04-25,1.1,1.3,9780917,-1595000,0,1.0834362463151461,-1595000
2019-06-30,36567000,3533000,2019-07-25,0.35,1.2,10520151,17169000,0,0.3358316815034309,17169000
2019-09-30,30416000,-8477000,2019-10-24,-0.7,1.2,12083797,8809000,0,-0.7015179086507328,8809000
2019-12-31,21347000,18612000,2020-02-20,1.45,0.98,12624852,23778000,0,1.4742351039045845,23778000
2020-03-31,-89058000,-91199000,2020-04-30,-7.05,1.15,12918041,-7096000,0,-7.059816577451643,-7096000
2020-06-30,51528000,48772000,2020-07-30,3.65,1.02,13362192,19159000,0,3.6499999401295837,19159000
2020-09-30,30925000,28076000,2020-10-29,2.1,1.0,13460380,18818000,0,2.085825214444169,18818000
2020-12-31,19277000,16479000,2021-02-25,1.15,1.3,14106564,24493000,0,1.1681795793787912,24493000
2021-03-31,-25876000,-29369000,2021-04-29,-1.7,1.3,17068990,24763000,0,-1.7206056128687168,24763000
2021-06-30,-13146000,-16865000,2021-07-29,-0.85,1.3,19897813,13885000,0,-0.8475805858663965,13885000
2021-09-30,29712000,26038000,2021-10-28,1.1,1.18,25717469,22535000,0,1.0124635515260074,22535000
2021-12-31,-40199000,-44564000,2022-02-24,1.15,1.13,33628702,35257000,0,-1.3251775224628057,35257000
2022-03-31,-144348000,-148727000,2022-04-28,1.0,0.93,35399513,114173000,0,-4.2013854823370025,114173000
2022-06-30,-55586000,-60139000,2022-08-04,0.6,0.73,35406831,70493000,0,-1.6985140522742632,70493000
2022-09-30,-80184000,-84513000,2022-10-27,0.26,0.65,35205888,105994000,0,-2.4005359558037567,105994000
2022-12-31,39114000,34926000,2023-02-23,-0.09,0.3,24228865,-1288000,0,1.4415037600812088,-1288000
2023-03-31,8534000,3530000,2023-04-27,-0.24,0.35,38491767,-2629000,0,0.09170792289166668,-2629000
2023-06-30,15068000,10249000,2023-07-27,-0.34,-0.01,40210844,15965000,0,0.2548814941561535,15965000
2023-09-30,-75488000,-80132000,2023-10-26,-0.28,-0.22,47773409,35489000,0,-1.6773347700600558,35489000
2023-12-31,31191000,27127000,2024-02-01,1.16,-0.25,52396000,-40822000,0,0.5177303610962669,-40822000
2024-03-31,23514000,19776000,2024-04-25,-0.12,-0.09,51604135,45009000,0,0.3832251039572701,45009000
2024-06-30,-599000,-4979000,2024-07-25,-0.08,-0.07,57763857,19291000,0,-0.08619576770990206,19291000
2024-09-30,21589000,17320000,2024-10-24,-0.05,-0.07,72377373,-14824000,0,0.23930130760617688,-14824000
2024-12-31,66884000,5545000,2025-01-30,0.05,-0.03,79590498,17514000,0,0.06966912055255642,17514000
2025-03-31,21348000,17122000,2025-04-24,0.18,0.08,95174719,25779000,0,0.1799007150207609,25779000
2025-06-30,-28582000,-33578000,2025-07-24,0.16,0.14,114453216,18443000,0,-0.29337751418011704,18443000
2025-09-30,77519000,72078000,2025-10-23,0.1575,0.14,136368958,27970000,0,0.5285513731064807,27970000
