fiscalDateEnding,totalRevenue,netIncome,reportedDate,reportedEPS,estimatedEPS,commonStockSharesOutstanding,operatingCashflow,capitalExpenditures,eps_computed_simple,freeCashFlow
2005-09-30,72382000,19778000,2005-10-27,0.18,0.15,128632000,36489000,31454000,0.15375645251570372,5035000
2005-12-31,80822000,21705000,2006-02-01,0.19,0.22,129692000,14600000,29967000,0.16735804829904696,-15367000
2006-03-31,81506000,20150000,2006-04-26,0.17,0.17,129664000,44264000,38907000,0.15540165350444224,5357000
2006-09-30,85326000,24563000,2006-10-25,0.2,0.22,130772000,32430000,21768000,0.18783072829045974,10662000
2006-12-31,88062000,27232000,2007-02-07,0.3,0.24,135206000,41111000,66763000,0.20141117997721994,-25652000
2007-03-31,112948000,33929000,2007-04-26,0.23,0.17,135206000,46907000,81452000,0.25094300548792214,-34545000
2007-06-30,126373000,30951000,2007-08-01,0.24,0.21,135274000,42180000,65230000,0.2288022827742212,-23050000
2007-09-30,131477000,37903000,2007-11-01,0.25,0.51,135367857,51665000,62582000,0.2800000002954911,-10917000
2007-12-31,133990000,48604000,2008-03-06,0.35,0.23,137196000,48788000,91048000,0.35426688824747077,-42260000
2008-03-31,142735000,32572000,2008-04-30,0.24,0.26,137196000,59034000,95168000,0.2374121694510044,-36134000
2008-06-30,181484000,42122000,2008-07-30,0.31,0.26,137564000,68229000,81900000,0.30619929632752757,-13671000
2008-09-30,201289000,48131000,2008-10-29,0.35,0.37,137595000,29137000,21771000,0.3498019550129002,7366000
2008-12-31,149375000,38968000,2009-03-04,0.29,0.3,139777000,63505000,25137000,0.2787869248874994,38368000
2009-03-31,158034000,28281000,2009-04-29,0.21,0.27,139777000,41155000,33011000,0.20232942472652868,8144000
2009-06-30,185467000,36173000,2009-07-29,0.24,0.24,150893000,49244000,34138000,0.2397261635728629,15106000
2009-09-30,211858000,44696000,2009-10-28,0.29,0.28,157826000,62212000,23679000,0.28319795217518023,38533000
2009-12-31,256437000,52928000,2010-03-04,0.33,0.27,165150000,72004000,53002000,0.3204844081138359,19002000
2010-03-31,294656000,52170000,2010-05-06,0.31,0.26,163031250,67330000,19000000,0.32,48330000
2010-06-30,391782000,37698000,2010-08-05,0.25,0.26,163904348,68111000,25097000,0.22999999975595523,43014000
2010-09-30,272137000,42943000,2010-11-03,0.26,0.25,161989474,65712000,36673000,0.2650974717036244,29039000
2010-12-31,296527000,51508000,2011-03-09,0.31,0.28,169968000,53968000,117952000,0.30304527911136214,-63984000
2011-03-31,394293000,42492000,2011-05-25,0.25,0.19,167000000,74478000,207578000,0.2544431137724551,-133100000
2011-06-30,511497000,48043000,2011-08-03,0.29,0.22,168000000,50367000,90617000,0.2859702380952381,-40250000
2011-09-30,302900000,30121000,2011-11-09,0.18,0.24,167600000,87957000,82519000,0.17971957040572792,5438000
2011-12-31,468021000,45010000,2012-02-15,0.27,0.25,168300000,74284000,98993000,0.26743909685086154,-24709000
2012-03-31,475262000,32600000,2012-05-03,0.29,0.25,168900000,65334000,87234000,0.19301361752516283,-21900000
2012-06-30,923280000,80400000,2012-08-09,0.13,0.3,286000000,24100000,136600000,0.2811188811188811,-112500000
2012-09-30,815347000,30600000,2012-11-06,0.23,0.17,289700000,130900000,143300000,0.10562651018294787,-12400000
2012-12-31,1265635000,81369000,2013-03-01,0.4,0.26,296700000,139500000,188986000,0.27424671385237614,-49486000
2013-03-31,1285700000,91000000,2013-05-09,0.3,0.28,297000000,229000000,137100000,0.3063973063973064,91900000
2013-06-30,1175000000,93000000,2013-08-09,0.3,0.24,309000000,140200000,222700000,0.30097087378640774,-82500000
2013-09-30,1300200000,72000000,2013-11-01,0.22,0.28,312000000,87300000,244800000,0.23076923076923078,-157500000
2013-12-31,1301300000,94900000,2014-02-26,0.29,0.32,340000000,194500000,275400000,0.2791176470588235,-80900000
2014-03-31,1759000000,147000000,2014-05-08,0.41,0.4,340000000,261000000,287000000,0.4323529411764706,-26000000
2014-06-30,1606000000,77000000,2014-08-08,0.21,0.29,325000000,155000000,298000000,0.23692307692307693,-143000000
2014-09-30,1445000000,75000000,2014-11-04,0.2,0.3,329000000,188000000,344000000,0.22796352583586627,-156000000
2014-12-31,1259000000,84000000,2015-02-26,0.22,0.28,340000000,196000000,483000000,0.24705882352941178,-287000000
2015-03-31,1154000000,120000000,2015-05-05,0.32,0.29,340000000,120000000,498000000,0.35294117647058826,-378000000
2015-06-30,1213000000,43000000,2015-08-06,0.09,0.23,343000000,209000000,387000000,0.12536443148688048,-178000000
2015-09-30,1026000000,113000000,2015-11-05,0.29,0.29,345000000,187000000,478000000,0.32753623188405795,-291000000
2015-12-31,1242000000,130000000,2016-02-25,0.32,0.32,376000000,285000000,448000000,0.34574468085106386,-163000000
2016-03-31,1017000000,102000000,2016-05-05,0.23,0.31,376000000,271000000,375000000,0.2712765957446808,-104000000
2016-06-30,1027000000,113000000,2016-08-04,0.25,0.3,390000000,273000000,380000000,0.28974358974358977,-107000000
2016-09-30,970000000,120000000,2016-11-03,0.25,0.31,393000000,247000000,537000000,0.3053435114503817,-290000000
2016-12-31,1251000000,131000000,2017-02-23,0.28,0.35,400000000,286000000,453000000,0.3275,-167000000
2017-03-31,1485000000,210000000,2017-05-04,0.49,0.37,400000000,326000000,709000000,0.525,-383000000
2017-06-30,1166000000,117000000,2017-08-01,0.26,0.36,403000000,362000000,475000000,0.2903225806451613,-113000000
2017-09-30,1041000000,92000000,2017-11-02,0.22,0.36,404000000,302000000,341000000,0.22772277227722773,-39000000
2017-12-31,1716000000,445000000,2018-02-22,0.7,0.47,508000000,523000000,314000000,0.8759842519685039,209000000
2018-03-31,1837000000,300000000,2018-05-03,0.59,0.61,508000000,498000000,324000000,0.5905511811023622,174000000
2018-06-30,1945000000,216000000,2018-08-02,0.42,0.54,508000000,603000000,255000000,0.4251968503937008,348000000
2018-09-30,2045000000,304000000,2018-11-01,0.6,0.6,509000000,481000000,291000000,0.5972495088408645,190000000
2018-12-31,1524000000,333000000,2019-02-21,0.66,0.6,511000000,674000000,356000000,0.6516634050880626,318000000
2019-03-31,1968000000,282000000,2019-05-02,0.55,0.62,511000000,608000000,361000000,0.5518590998043053,247000000
2019-06-30,1808000000,632000000,2019-08-01,1.23,0.55,513000000,661000000,434000000,1.2319688109161793,227000000
2019-09-30,1700000000,338000000,2019-11-01,0.66,0.61,513000000,535000000,421000000,0.6588693957115009,114000000
2019-12-31,1754000000,145000000,2020-02-27,0.64,0.58,690476190,728000000,429000000,0.2100000001448276,299000000
2020-03-31,1671000000,319000000,2020-05-07,0.5,0.58,549000000,410000000,483000000,0.581056466302368,-73000000
2020-06-30,1268000000,258000000,2020-08-06,0.39,0.5,550000000,642000000,211000000,0.4690909090909091,431000000
2020-09-30,1496000000,323000000,2020-11-05,0.51,0.51,550000000,434000000,174000000,0.5872727272727273,260000000
2020-12-31,1694000000,-1201000000,2021-02-25,-2.28,0.61,550000000,766000000,161000000,-2.1836363636363636,605000000
2021-03-31,2016000000,320000000,2021-05-06,0.51,0.7,550000000,456000000,127000000,0.5818181818181818,329000000
2021-06-30,1902000000,254000000,2021-08-05,0.39,0.57,551000000,584000000,146000000,0.46098003629764067,438000000
2021-09-30,2149000000,588000000,2021-11-04,1.01,0.73,551000000,715685600,164733800,1.0671506352087115,550951800
2021-12-31,2560000000,80000000,2022-02-24,0.08,0.65,552000000,697000000,182000000,0.14492753623188406,515000000
2022-03-31,3123000000,481000000,2022-05-05,0.81,0.83,552000000,517082400,143056800,0.8713768115942029,374025600
2022-06-30,3095000000,418000000,2022-08-04,0.69,0.74,557000000,463552590,118023440,0.7504488330341114,345529150
2022-09-30,2779000000,1829000000,2022-11-03,3.23,0.71,556000000,767000000,131000000,3.289568345323741,636000000
2022-12-31,2699000000,243000000,2023-02-23,0.39,0.69,550000000,903000000,143000000,0.44181818181818183,760000000
2023-03-31,1700000000,369000000,2023-05-04,0.61,0.73,551000000,458000000,137000000,0.6696914700544465,321000000
2023-06-30,1422000000,363000000,2023-08-03,0.6,0.59,551000000,653000000,123000000,0.6588021778584392,530000000
2023-09-30,2292000000,346000000,2023-11-02,0.57,0.68,550000000,644000000,169000000,0.6290909090909091,475000000
2023-12-31,2466000000,698000000,2024-02-22,1.21,0.85,550000000,880000000,177000000,1.269090909090909,703000000
2024-03-31,1691000000,438000000,2024-05-09,0.73,0.73,550000000,317426000,137305200,0.7963636363636364,180120800
2024-06-30,1855000000,471000000,2024-08-08,0.75,0.74,581000000,689780800,193635500,0.810671256454389,496145300
2024-09-30,1844000000,383000000,2024-10-31,0.43,0.52,581000000,677708850,193631100,0.6592082616179001,484077750
2024-12-31,2145000000,572000000,2025-02-20,1.006,0.8336,582000000,902000000,242000000,0.9828178694158075,660000000
2025-03-31,2312000000,502000000,2025-05-07,0.7946,0.7706,582000000,579496560,120902160,0.8625429553264605,458594400
2025-06-30,1792000000,417000000,2025-08-08,0.65,0.47,582000000,790000000,197000000,0.7164948453608248,593000000
2025-09-30,1791000000,286000000,2025-11-06,0.43,0.46,582000000,810000000,185000000,0.49140893470790376,625000000
