fiscalDateEnding,totalRevenue,netIncome,reportedDate,reportedEPS,estimatedEPS,commonStockSharesOutstanding,operatingCashflow,capitalExpenditures,eps_computed_simple,freeCashFlow
2005-09-30,2804000000,252000000,2005-11-02,0.62,0.61,387692308,534000000,515000000,0.649999999484127,19000000
2005-12-31,3733000000,180000000,2006-02-17,0.49,0.43,344000000,292000000,486000000,0.5232558139534884,-194000000
2006-03-31,3148000000,214000000,2006-05-03,0.6,0.6,356666667,1094000000,576000000,0.5999999994392523,518000000
2006-06-30,3017000000,232000000,2006-08-02,0.64,0.64,346000000,411000000,602000000,0.6705202312138728,-191000000
2006-09-30,3168000000,393000000,2006-11-08,0.86,0.67,347000000,700000000,551000000,1.1325648414985592,149000000
2006-12-31,3206000000,152000000,2007-02-22,0.48,0.44,349000000,474000000,673000000,0.4355300859598854,-199000000
2007-03-31,3356000000,256000000,2007-05-10,0.71,0.63,351000000,974000000,673000000,0.7293447293447294,301000000
2007-06-30,3187000000,269000000,2007-08-07,0.74,0.66,363513514,260000000,647000000,0.7399999990096654,-387000000
2007-09-30,3279000000,278000000,2007-11-01,0.77,0.86,352000000,842000000,715000000,0.7897727272727273,127000000
2007-12-31,3416000000,203000000,2008-02-22,0.56,0.55,349000000,468000000,734000000,0.5816618911174785,-266000000
2008-03-31,3733000000,227000000,2008-05-06,0.62,0.67,356000000,1035000000,853000000,0.6376404494382022,182000000
2008-06-30,3578000000,297000000,2008-08-06,0.8,0.81,357000000,1206000000,859000000,0.8319327731092437,347000000
2008-09-30,3674000000,304000000,2008-11-06,0.83,0.86,358000000,-66000000,979000000,0.8491620111731844,-1045000000
2008-12-31,3643000000,517000000,2009-02-24,0.7,0.66,358000000,567000000,937000000,1.4441340782122905,-370000000
2009-03-31,3431000000,244000000,2009-05-06,0.66,0.72,366000000,890000000,1079000000,0.6666666666666666,-189000000
2009-06-30,3194000000,392000000,2009-08-05,0.83,0.84,369000000,864000000,998000000,1.062330623306233,-134000000
2009-09-30,3235000000,321000000,2009-10-29,0.93,0.91,388000000,1053000000,945000000,0.8273195876288659,108000000
2009-12-31,3539000000,277000000,2010-02-19,0.8,0.74,386000000,232000000,936000000,0.7176165803108808,-704000000
2010-03-31,3475000000,261000000,2010-05-07,0.79,0.72,389000000,395000000,855000000,0.6709511568123393,-460000000
2010-06-30,3232000000,337000000,2010-08-04,0.91,0.9,390000000,978000000,931000000,0.8641025641025641,47000000
2010-09-30,3513000000,261000000,2010-11-04,1.02,0.95,392000000,947000000,1008000000,0.6658163265306123,-61000000
2010-12-31,3621000000,254000000,2011-02-17,0.7,0.73,396000000,886000000,1008000000,0.6414141414141414,-122000000
2011-03-31,3597000000,202000000,2011-05-04,0.58,0.81,397000000,1088000000,945000000,0.5088161209068011,143000000
2011-06-30,3684000000,366000000,2011-08-04,1.02,1.02,400000000,817000000,952000000,0.915,-135000000
2011-09-30,3860000000,203000000,2011-11-03,1.08,1.06,404000000,1327000000,1071000000,0.5024752475247525,256000000
2011-12-31,3815000000,87000000,2012-02-16,0.89,0.85,414000000,507000000,1070000000,0.21014492753623187,-563000000
2012-03-31,3641000000,236000000,2012-05-02,0.89,0.75,416000000,931000000,1094000000,0.5673076923076923,-163000000
2012-06-30,3593000000,239000000,2012-08-07,0.81,0.82,425000000,1243000000,1125000000,0.5623529411764706,118000000
2012-09-30,3976000000,364000000,2012-10-29,0.93,0.88,429000000,1278000000,1142000000,0.8484848484848485,136000000
2012-12-31,3830000000,-9000000,2013-02-21,0.59,0.59,425000000,1430000000,1263000000,-0.021176470588235293,167000000
2013-03-31,3672000000,242000000,2013-05-02,0.63,0.68,435000000,869000000,1249000000,0.5563218390804597,-380000000
2013-06-30,3776000000,332000000,2013-07-31,0.79,0.71,443000000,590000000,1272000000,0.7494356659142212,-682000000
2013-09-30,4175000000,164000000,2013-10-30,0.88,0.79,447000000,1374000000,1360000000,0.3668903803131991,14000000
2013-12-31,3975000000,90000000,2014-02-11,0.42,0.41,459000000,594000000,1326000000,0.19607843137254902,-732000000
2014-03-31,3891000000,230000000,2014-05-01,0.54,0.65,460000000,771000000,1197000000,0.5,-426000000
2014-06-30,3952000000,271000000,2014-07-31,0.69,0.74,469000000,509000000,1123000000,0.5778251599147122,-614000000
2014-09-30,4939000000,814000000,2014-10-28,1.73,1.12,474000000,1677000000,1244000000,1.7172995780590716,433000000
2014-12-31,4308000000,135000000,2015-02-10,0.53,0.53,477000000,720000000,1269000000,0.2830188679245283,-549000000
2015-03-31,3899000000,34000000,2015-04-29,0.87,0.7,481000000,1080000000,1191000000,0.07068607068607069,-111000000
2015-06-30,4217000000,406000000,2015-07-29,0.91,0.72,483000000,779000000,1219000000,0.8405797101449275,-440000000
2015-09-30,4550000000,310000000,2015-10-28,0.84,0.96,489000000,1083000000,1252000000,0.6339468302658486,-169000000
2015-12-31,4167000000,138000000,2016-02-18,0.5,0.44,496000000,811000000,1511000000,0.2782258064516129,-700000000
2016-03-31,3974000000,110000000,2016-05-04,0.82,0.73,495000000,1088000000,1229000000,0.2222222222222222,-141000000
2016-06-30,4169000000,210000000,2016-07-28,0.66,0.92,498000000,727000000,1422000000,0.42168674698795183,-695000000
2016-09-30,4810000000,391000000,2016-11-04,0.94,1.09,503000000,1467000000,1477000000,0.7773359840954275,-10000000
2016-12-31,4713000000,696000000,2017-02-16,1.33,1.29,501000000,1161000000,1581000000,1.3892215568862276,-420000000
2017-03-31,4268000000,579000000,2017-05-02,1.06,0.81,511000000,1574000000,1216000000,1.1330724070450098,358000000
2017-06-30,4250000000,410000000,2017-07-27,0.86,0.78,513000000,1182000000,1258000000,0.7992202729044834,-76000000
2017-09-30,4517000000,553000000,2017-11-02,1.12,0.91,516000000,1981000000,1464000000,1.071705426356589,517000000
2017-12-31,4100000000,114000000,2018-02-09,0.63,0.68,518181818,1240000000,1703000000,0.22000000007719298,-463000000
2018-03-31,4056000000,445000000,2018-05-02,0.91,1.04,516000000,1512000000,1470000000,0.8624031007751938,42000000
2018-06-30,4234000000,-980000000,2018-07-26,1.16,0.94,516000000,1241000000,1427000000,-1.8992248062015504,-186000000
2018-09-30,4381000000,567000000,2018-11-05,1.13,1.13,517000000,1483000000,1695000000,1.0967117988394584,-212000000
2018-12-31,4088000000,-6869000000,2019-02-28,0.8,0.64,526000000,516000000,1922000000,-13.05893536121673,-1406000000
2019-03-31,4011000000,136000000,2019-05-02,1.04,0.9,527000000,2244000000,1224000000,0.25806451612903225,1020000000
2019-06-30,3943000000,-2549000000,2019-08-09,1.1,0.98,529000000,513000000,1186000000,-4.818525519848771,-673000000
2019-09-30,4432000000,-1616000000,2019-11-07,1.11,1.01,529000000,1310000000,1782000000,-3.054820415879017,-472000000
2019-12-31,4743000000,-3613000000,2020-02-18,0.68,0.67,529000000,749000000,2121000000,-6.829867674858223,-1372000000
2020-03-31,4306000000,374000000,2020-05-01,0.89,1.02,648000000,1536000000,1641000000,0.5771604938271605,-105000000
2020-06-30,4533000000,-1968000000,2020-07-30,1.03,0.88,529000000,1755000000,1758000000,-3.720226843100189,-3000000
2020-09-30,4882000000,86000000,2020-10-29,0.22,0.26,2140000000,-22510000000,2076000000,0.04018691588785047,-24586000000
2020-12-31,4748000000,204000000,2021-02-25,0.21,0.23,1694000000,89000000,2215000000,0.1204250295159386,-2126000000
2021-03-31,4716000000,123000000,2021-04-29,0.23,0.26,2131000000,1198000000,1778000000,0.05771938057250117,-580000000
2021-06-30,5215000000,401000000,2021-07-29,0.27,0.28,2146000000,32000000,1842000000,0.18685927306616962,-1810000000
2021-09-30,5465000000,-1088000000,2021-11-01,0.24,0.26,1985000000,823000000,1848000000,-0.548110831234257,-1025000000
2021-12-31,5246000000,476000000,2022-02-10,0.22,0.28,1985000000,209000000,2221000000,0.2397984886649874,-2012000000
2022-03-31,5798000000,478000000,2022-04-28,0.3,0.25,2134000000,1661000000,2310000000,0.22399250234301782,-649000000
2022-06-30,5118000000,360000000,2022-07-28,0.25,0.28,2141000000,-22000000,2229000000,0.16814572629612332,-2251000000
2022-09-30,5394000000,459000000,2022-10-27,0.29,0.2,2132000000,1073000000,2872000000,0.21529080675422138,-1799000000
2022-12-31,5370000000,517000000,2023-02-23,0.26,0.28,2132000000,1009000000,2173000000,0.2424953095684803,-1164000000
2023-03-31,6209000000,572000000,2023-05-04,0.29,0.29,2132000000,1185000000,2288000000,0.2682926829268293,-1103000000
2023-06-30,5290000000,410000000,2023-07-27,0.23,0.25,2139000000,1275000000,2392000000,0.1916783543712015,-1117000000
2023-09-30,5888000000,351000000,2023-10-26,0.24,0.27,2140000000,1810000000,2421000000,0.16401869158878504,-611000000
2023-12-31,7041000000,923000000,2024-02-22,0.47,0.45,2133597758,477000000,2613000000,0.43260262930966203,-2136000000
2024-03-31,5861000000,735000000,2024-04-25,0.37,0.35,2139000000,2261000000,2638000000,0.3436185133239832,-377000000
2024-06-30,5986000000,524000000,2024-07-25,0.31,0.3,2142000000,711000000,2298000000,0.2446311858076564,-1587000000
2024-09-30,5941000000,579000000,2024-11-07,0.37,0.33,2143000000,3131000000,2605000000,0.2701819878674755,526000000
2024-12-31,6631000000,674000000,2025-02-19,0.31,0.3098,2147000000,1932000000,2828000000,0.31392640894271073,-896000000
2025-03-31,5983000000,634000000,2025-04-23,0.33,0.3908,2200000000,2848000000,2635000000,0.2881818181818182,213000000
2025-06-30,5898000000,549000000,2025-07-31,0.31,0.34,2203000000,1057000000,3065000000,0.24920562868815252,-2008000000
2025-09-30,6250000000,850000000,2025-10-23,0.5,0.43,2281000000,2851000000,2931000000,0.3726435773783428,-80000000
