fiscalDateEnding,totalRevenue,netIncome,reportedDate,reportedEPS,estimatedEPS,commonStockSharesOutstanding,operatingCashflow,capitalExpenditures,eps_computed_simple,freeCashFlow
2005-09-30,2113551000,172732000,2005-10-18,0.79,0.82,181187413,207633000,43661000,0.9533333311624688,163972000
2005-12-31,2157537000,129024000,2006-01-18,0.77,0.75,180874766,212454000,62198000,0.7133333347339341,150256000
2006-03-31,2498068000,177523000,2006-04-18,0.97,0.93,182386644,189947000,46795000,0.9733333324560761,143152000
2006-06-30,2616732000,193888000,2006-08-01,1.03,1.0,178461017,344605000,45459000,1.0864445538825995,299146000
2006-09-30,2551573000,210584000,2006-10-18,1.17,0.99,179986325,114500000,58489000,1.1699999986110057,56011000
2006-12-31,2511152000,192967000,2007-01-17,1.09,0.94,177033945,193147000,56952000,1.0899999997175682,136195000
2007-03-31,2780969000,209309000,2007-04-24,1.19,1.09,176383989,229232000,59505000,1.186666665079221,169727000
2007-06-30,2874365000,217186000,2007-08-01,1.23,1.18,176939440,418128000,62881000,1.2274595194830502,355247000
2007-09-30,2787256000,229597000,2007-10-18,1.33,1.24,252333709,268901000,56484000,0.9098942860622716,212417000
2007-12-31,2829060000,211863000,2008-01-17,1.23,1.19,172246341,204700000,62258000,1.230000003309214,142442000
2008-03-31,3182537000,255441000,2008-04-22,1.49,1.34,171436913,390171000,69430000,1.4899999978417717,320741000
2008-06-30,3346752000,252565000,2008-07-31,1.55,1.5,164415418,452838000,92155000,1.536139390528448,360683000
2008-09-30,3064688000,250176000,2008-10-16,1.5,1.39,166913216,307347000,98273000,1.4988387737972768,209074000
2008-12-31,2688656000,155401000,2009-01-20,0.96,0.83,161755586,137168000,76118000,0.9607148899327655,61050000
2009-03-31,2344713000,53422000,2009-04-16,0.33,0.46,161011156,271579000,51804000,0.3317906741816076,219775000
2009-06-30,2210958000,49516000,2009-07-30,0.31,0.22,160629291,413098000,44538000,0.30826258207165963,368560000
2009-09-30,2237165000,73493000,2009-10-20,0.45,0.17,162040785,260053000,30099000,0.4535463093442802,229954000
2009-12-31,2354708000,104546000,2010-01-19,0.64,0.35,162744788,346197000,31133000,0.6423923081333948,315064000
2010-03-31,2614823000,153863000,2010-04-20,0.94,0.77,163632703,235147000,29630000,0.9402949238087206,205517000
2010-06-30,2786470000,222163000,2010-08-03,1.35,1.08,161272536,377425000,38360000,1.377562513185754,339065000
2010-09-30,2829273000,247171000,2010-10-19,1.51,1.07,164107220,122880000,52690000,1.5061555487930391,70190000
2010-12-31,2866664000,230180000,2011-01-20,1.39,1.3,166101535,285277000,57105000,1.3857788851861002,228172000
2011-03-31,3240103000,279589000,2011-04-27,1.68,1.55,166690347,391776000,48660000,1.6772956864742743,343116000
2011-06-30,3409830000,292190000,2011-08-02,1.79,1.8,152439026,367000000,48839000,1.916766379758947,318161000
2011-09-30,3233881000,297018000,2011-10-18,1.91,1.69,155429408,309496000,43989000,1.9109511116454874,265507000
2011-12-31,3106832000,240766000,2012-01-20,1.56,1.62,154717211,253920000,52908000,1.5561681757564774,201012000
2012-03-31,3393563000,312074000,2012-04-24,2.01,1.71,154944246,443045000,57200000,2.014105125271964,385845000
2012-06-30,3411666000,301965000,2012-08-02,1.96,1.91,154155617,523924000,64720000,1.958832288284377,459204000
2012-09-30,3214935000,239741000,2012-10-19,1.57,1.73,152617110,-6971000,76685000,1.570865809213659,-83656000
2012-12-31,3065495000,180962000,2013-01-18,1.19,1.11,152198704,354309000,63536000,1.1889851571929286,290773000
2013-03-31,3307041000,256560000,2013-04-25,1.68,1.67,152360612,371461000,73840000,1.6838997732563583,297621000
2013-06-30,3428233000,271164000,2013-08-06,1.78,1.97,152115402,472136000,51835000,1.7826202766765196,420301000
2013-09-30,3226144000,244316000,2013-10-18,1.61,1.47,151860261,282691000,56651000,1.6088211517034072,226040000
2013-12-31,3106006000,253288000,2014-01-22,1.24,1.23,152151024,257418000,55196000,1.6647143958755086,202222000
2014-03-31,3358406000,242406000,2014-04-29,1.6,1.62,151739617,277362000,55524000,1.5975129290065362,221838000
2014-06-30,3525415000,301038000,2014-08-06,1.98,2.07,151803746,570422000,48969000,1.9830735929270151,521453000
2014-09-30,3269932000,280089000,2014-10-28,1.85,1.67,151073635,260874000,54709000,1.8539899433809215,206165000
2014-12-31,3134993000,267252000,2015-01-27,1.84,1.55,148182777,277623000,55072000,1.8035294344632238,222551000
2015-03-31,3162311000,285345000,2015-04-28,2.06,1.99,141189803,252553000,47637000,2.0210028906974253,204916000
2015-06-30,3144508000,179454000,2015-08-04,1.43,1.86,141000940,510891000,58109000,1.2727149194891891,452782000
2015-09-30,2869348000,194978000,2015-10-22,1.52,1.46,138574908,19939000,38681000,1.4070224026416096,-18742000
2015-12-31,2705590000,182982000,2016-01-26,1.52,1.18,137065447,342708000,36738000,1.3349972878284926,305970000
2016-03-31,2828665000,187084000,2016-04-26,1.51,1.44,136552769,341919000,35385000,1.3700491126620802,306534000
2016-06-30,2957150000,241796000,2016-08-04,1.9,1.76,136255977,488344000,38603000,1.774571694568672,449741000
2016-09-30,2743131000,210129000,2016-10-21,1.61,1.57,135825658,113932000,32526000,1.5470493800221456,81406000
2016-12-31,2670804000,241305000,2017-02-02,1.91,1.39,135812760,290244000,38830000,1.7767476340220167,251414000
2017-03-31,3119139000,238673000,2017-04-27,2.11,1.86,136102974,385117000,73880000,1.7536207548264156,311237000
2017-06-30,3496238000,293305000,2017-08-03,2.45,2.31,136154741,513178000,58512000,2.1542033560182823,454666000
2017-09-30,3364651000,285397000,2017-11-02,2.12,2.03,135794270,238000000,79336000,2.1016866175575744,158664000
2017-12-31,3370673000,56159000,2018-02-01,2.15,2.07,136194919,218774000,65445000,0.41234284224655987,153329000
2018-03-31,3749591000,365989000,2018-04-26,2.8,2.62,135768280,444464000,49526000,2.6956885658417415,394938000
2018-06-30,3817477000,353256000,2018-08-02,3.22,2.91,135001851,695462000,53360000,2.6166752335862418,642102000
2018-09-30,3479294000,375711000,2018-11-01,2.84,2.53,134664496,159388000,42106000,2.789978139449614,117282000
2018-12-31,3472045000,311737000,2019-01-31,2.51,2.42,132311210,381652000,52320000,2.3560891023519472,329332000
2019-03-31,3687518000,411248000,2019-05-02,3.17,3.02,130884968,551557000,50645000,3.1420567715614216,500912000
2019-06-30,3681467000,413668000,2019-08-01,3.31,3.11,130460247,637543000,50018000,3.17083563393836,587525000
2019-09-30,3334511000,338898000,2019-10-31,2.76,2.65,130130076,449131000,50345000,2.6043018679248293,398786000
2019-12-31,3497974000,204474000,2020-01-30,2.54,2.27,130495381,376837000,68248000,1.566906034781415,308589000
2020-03-31,3702432000,367253000,2020-04-30,2.92,2.27,129746547,464891000,63909000,2.8305416097123572,400982000
2020-06-30,3160603000,295716000,2020-08-06,2.55,1.51,129993001,780090000,50089000,2.2748609365514993,730001000
2020-09-30,3230540000,320419000,2020-11-05,3.07,2.34,130294223,737374000,42117000,2.459195754212372,695257000
2020-12-31,3411905000,447306000,2021-02-04,3.44,2.6,131075655,616614000,50790000,3.4125787889444457,565824000
2021-03-31,3746326000,473239000,2021-04-29,4.11,3.78,131377933,527417000,43157000,3.602119390933027,484260000
2021-06-30,3958869000,504793000,2021-08-05,4.38,4.33,131554199,693596000,73893000,3.837148520055981,619703000
2021-09-30,3762809000,451157000,2021-11-04,4.26,3.68,130827971,424359000,48203000,3.4484750971181843,376156000
2021-12-31,3824580000,387729000,2022-02-03,4.46,3.91,130581665,581110000,57403000,2.969245337773875,523707000
2022-03-31,4086387000,348088000,2022-05-05,4.83,4.65,130343581,542969000,53258000,2.6705419425295673,489711000
2022-06-30,4187832000,128831000,2022-08-04,5.16,4.67,130172735,893292000,71180000,0.9896926572219598,822112000
2022-09-30,4232775000,388037000,2022-11-03,4.74,4.17,129942408,457358000,83555000,2.98622294270551,373803000
2022-12-31,4674811000,395461000,2023-02-02,4.76,4.46,130045013,618776000,102149000,3.0409547500295147,516627000
2023-03-31,5061665000,590889000,2023-05-04,5.93,5.01,130151487,718760000,86899000,4.540009596663309,631861000
2023-06-30,5095943000,708956000,2023-08-03,6.08,5.48,130222542,1185036000,108144000,5.444187996268726,1076892000
2023-09-30,4847488000,650827000,2023-11-02,5.96,5.31,130363441,649959000,97746000,4.992404273833183,552213000
2023-12-31,4820947000,681851000,2024-02-01,6.15,5.26,130367351,702028000,106371000,5.230228234061456,595657000
2024-03-31,5074356000,726574000,2024-05-02,6.51,6.15,130593026,795090000,79211000,5.563650849165559,715879000
2024-06-30,5186815000,784963000,2024-08-08,6.77,6.22,130643757,1237252000,116784000,6.008423349307078,1120468000
2024-09-30,4903984000,698420000,2024-10-31,6.2,6.14,130680242,743975000,95302000,5.3444957654731,648673000
2024-12-31,4742593000,948542000,2025-01-30,6.53,6.23,130758808,934758000,121191000,7.254134650722726,813567000
2025-03-31,4960349000,960866000,2025-05-01,6.94,6.72,130758807,630028000,87660000,7.348384571908797,542368000
2025-06-30,5243074000,923172000,2025-08-07,7.69,7.08,129000000,1467239000,130847000,7.156372093023256,1336392000
2025-09-30,5084000000,808000000,2025-11-06,7.22,6.62,128400000,782000000,89000000,6.292834890965732,693000000
