fiscalDateEnding,totalRevenue,netIncome,reportedDate,reportedEPS,estimatedEPS,commonStockSharesOutstanding,operatingCashflow,capitalExpenditures,eps_computed_simple,freeCashFlow
2008-03-31,5921000000,1867000000,2008-04-23,0.89,0.77,2108000000,1666000000,301000000,0.885673624288425,1365000000
2008-06-30,6709000000,1692000000,2008-07-23,0.87,0.83,2106000000,3516000000,273000000,0.8034188034188035,3243000000
2008-09-30,6953000000,2080000000,2008-10-22,0.93,0.9,2064000000,2003000000,250000000,1.0077519379844961,1753000000
2008-12-31,5713000000,1251000000,2009-02-04,0.71,0.62,2078000000,750000000,275000000,0.6020211742059672,475000000
2009-03-31,5597000000,1476000000,2009-04-23,0.74,0.69,2000000000,1427000000,145000000,0.738,1282000000
2009-06-30,6134000000,1546000000,2009-07-23,0.83,0.77,1961000000,3146000000,178000000,0.7883732789393166,2968000000
2009-09-30,6587000000,1798000000,2009-10-22,0.93,0.91,1934000000,1846000000,160000000,0.9296794208893485,1686000000
2009-12-31,6717000000,1522000000,2010-02-11,0.81,0.79,1950000000,1465000000,232000000,0.7805128205128206,1233000000
2010-03-31,6496000000,1703000000,2010-04-22,0.9,0.93,1878000000,1974000000,150000000,0.9068157614483493,1824000000
2010-06-30,7061000000,1982000000,2010-07-22,1.0,0.97,1849000000,3465000000,169000000,1.0719307733910222,3296000000
2010-09-30,6614000000,1822000000,2010-10-21,1.0,1.01,1830000000,2417000000,164000000,0.9956284153005465,2253000000
2010-12-31,7037000000,1752000000,2011-02-10,0.97,0.96,1842000000,1581000000,230000000,0.9511400651465798,1351000000
2011-03-31,6791000000,1919000000,2011-04-21,1.06,1.05,1794000000,2395000000,159000000,1.0696767001114826,2236000000
2011-06-30,8273000000,2409000000,2011-07-21,1.34,1.22,1772000000,4120000000,186000000,1.3594808126410836,3934000000
2011-09-30,8362000000,2377000000,2011-10-20,1.37,1.24,1749000000,3053000000,223000000,1.3590623213264723,2830000000
2011-12-31,7671000000,1886000000,2012-02-09,1.1,1.09,1725908666,961000000,329000000,1.0927577091150662,632000000
2012-03-31,7448000000,2161000000,2012-04-19,1.25,1.19,1719000000,1898000000,227000000,1.2571262361838278,1671000000
2012-06-30,8120000000,2317000000,2012-07-19,1.36,1.34,1701000000,3480000000,249000000,1.3621399176954732,3231000000
2012-09-30,7920000000,2227000000,2012-10-18,1.38,1.39,1683000000,2393000000,243000000,1.3232323232323233,2150000000
2012-12-31,7889000000,2095000000,2013-02-07,1.24,1.22,1692000000,1650000000,337000000,1.238179669030733,1313000000
2013-03-31,7584000000,2125000000,2013-04-18,1.29,1.34,1646000000,1363000000,240000000,1.2910085054678007,1123000000
2013-06-30,7917000000,2124000000,2013-07-18,1.3,1.41,1631000000,3137000000,280000000,1.30226854690374,2857000000
2013-09-30,7927000000,2340000000,2013-10-17,1.44,1.43,1614000000,3315000000,301000000,1.449814126394052,3014000000
2013-12-31,7789000000,1987000000,2014-02-06,1.37,1.37,1622000000,2320000000,379000000,1.2250308261405671,1941000000
2014-03-31,6917000000,1875000000,2014-04-17,1.19,1.16,1583000000,715000000,256000000,1.184459886291851,459000000
2014-06-30,7797000000,1851000000,2014-07-17,1.41,1.24,1571000000,2705000000,252000000,1.178230426479949,2453000000
2014-09-30,7856000000,2155000000,2014-10-16,1.39,1.33,1560000000,2965000000,296000000,1.3814102564102564,2669000000
2014-12-31,7197000000,1612000000,2015-02-05,1.03,1.06,1566000000,1354000000,349000000,1.029374201787995,1005000000
2015-03-31,6616000000,1795000000,2015-04-16,1.16,1.01,1548000000,-375000000,203000000,1.1595607235142118,-578000000
2015-06-30,6859000000,1887000000,2015-07-16,1.21,1.13,1549000000,3675000000,210000000,1.2182052937378953,3465000000
2015-09-30,6927000000,1942000000,2015-10-15,1.24,1.11,1549000000,2693000000,223000000,1.2537120723047128,2470000000
2015-12-31,6392000000,1249000000,2016-02-04,0.81,0.81,1549000000,1872000000,324000000,0.8063266623628147,1548000000
2016-03-31,6083000000,1530000000,2016-04-19,0.98,1.11,1550000000,462000000,226000000,0.9870967741935484,236000000
2016-06-30,6649000000,1788000000,2016-07-19,1.15,1.2,1551000000,2374000000,254000000,1.1528046421663443,2120000000
2016-09-30,6982000000,1938000000,2016-10-18,1.25,1.23,1551000000,3092000000,254000000,1.2495164410058026,2838000000
2016-12-31,6971000000,1711000000,2017-02-02,1.1,1.12,1551000000,2149000000,438000000,1.1031592520954223,1711000000
2017-03-31,6064000000,1590000000,2017-04-20,0.98,1.03,1553000000,843000000,292000000,1.0238248551191242,551000000
2017-06-30,6917000000,1781000000,2017-07-20,1.14,1.23,1554000000,3228000000,268000000,1.146074646074646,2960000000
2017-09-30,7473000000,1970000000,2017-10-19,1.27,1.38,1554000000,1920000000,435000000,1.2676962676962678,1485000000
2017-12-31,8294000000,694000000,2018-02-08,1.32,1.35,1554000000,2921000000,553000000,0.4465894465894466,2368000000
2018-03-31,6896000000,1556000000,2018-04-19,1.0,0.9,1554000000,1380000000,365000000,1.0012870012870012,1015000000
2018-06-30,7726000000,2198000000,2018-07-19,1.41,1.23,1555000000,3993000000,409000000,1.4135048231511254,3584000000
2018-09-30,7504000000,2247000000,2018-10-18,1.44,1.28,1555000000,1683000000,328000000,1.445016077170418,1355000000
2018-12-31,7499000000,1910000000,2019-02-07,1.25,1.16,1555000000,2422000000,334000000,1.2282958199356913,2088000000
2019-03-31,6751000000,1354000000,2019-04-18,1.09,0.97,1556000000,1241000000,324000000,0.8701799485861182,917000000
2019-06-30,7699000000,2319000000,2019-07-18,1.46,1.32,1556000000,3442000000,178000000,1.4903598971722365,3264000000
2019-09-30,7642000000,1896000000,2019-10-17,1.43,1.36,1556000000,2083000000,194000000,1.218508997429306,1889000000
2019-12-31,7713000000,1616000000,2020-02-06,1.22,1.21,1557000000,3324000000,156000000,1.037893384714194,3168000000
2020-03-31,7153000000,1826000000,2020-04-21,1.21,1.13,1558000000,1111000000,170000000,1.1720154043645699,941000000
2020-06-30,6651000000,1947000000,2020-07-21,1.29,1.1,1558000000,1925000000,140000000,1.2496790757381258,1785000000
2020-09-30,7446000000,2307000000,2020-10-20,1.42,1.36,1558000000,3614000000,152000000,1.4807445442875482,3462000000
2020-12-31,7444000000,1976000000,2021-02-04,1.26,1.21,1558000000,3162000000,140000000,1.2682926829268293,3022000000
2021-03-31,7585000000,2418000000,2021-04-20,1.57,1.4,1560000000,435000000,179000000,1.55,256000000
2021-06-30,7594000000,2172000000,2021-07-20,1.57,1.55,1560000000,3630000000,128000000,1.3923076923076922,3502000000
2021-09-30,8122000000,2426000000,2021-10-19,1.58,1.55,1560000000,3870000000,152000000,1.5551282051282052,3718000000
2021-12-31,8104000000,2093000000,2022-02-10,1.35,1.33,1557000000,4032000000,289000000,1.344251766217084,3743000000
2022-03-31,7746000000,2331000000,2022-04-21,1.56,1.49,1552000000,1118000000,229000000,1.5019329896907216,889000000
2022-06-30,7832000000,2233000000,2022-07-21,1.48,1.26,1552000000,3524000000,249000000,1.4387886597938144,3275000000
2022-09-30,8032000000,2087000000,2022-10-20,1.53,1.36,1552000000,3068000000,252000000,1.344716494845361,2816000000
2022-12-31,8152000000,2397000000,2023-02-09,1.39,1.24,1552000000,3093000000,347000000,1.544458762886598,2746000000
2023-03-31,8019000000,1995000000,2023-04-20,1.38,1.34,1553000000,-955000000,279000000,1.2846104314230522,-1234000000
2023-06-30,8967000000,1568000000,2023-07-20,1.6,1.47,1553000000,3442000000,360000000,1.0096587250482936,3082000000
2023-09-30,9141000000,2054000000,2023-10-19,1.67,1.61,1554000000,3415000000,371000000,1.3217503217503217,3044000000
2023-12-31,9047000000,2196000000,2024-02-08,1.36,1.45,1554000000,3302000000,311000000,1.4131274131274132,2991000000
2024-03-31,8793000000,2148000000,2024-04-23,1.5,1.41,1555000000,241000000,417000000,1.3813504823151126,-176000000
2024-06-30,9468000000,2406000000,2024-07-23,1.59,1.57,1556000000,4632000000,370000000,1.5462724935732648,4262000000
2024-09-30,9911000000,3082000000,2024-10-22,1.91,1.82,1556000000,3342000000,379000000,1.980719794344473,2963000000
2024-12-31,9706000000,-579000000,2025-02-06,1.55,1.4988,1556000000,4002000000,278000000,-0.37210796915167094,3724000000
2025-03-31,9249000000,2682000000,2025-04-21,1.69,1.6128,1556000000,-350000000,404000000,1.7236503856041132,-754000000
2025-06-30,10140000000,3031000000,2025-07-22,1.91,1.86,1558000000,3412000000,356000000,1.9454428754813864,3056000000
2025-09-30,10845000000,3478000000,2025-10-21,2.24,2.1,1558000000,4462000000,365000000,2.232349165596919,4097000000
