fiscalDateEnding,totalRevenue,netIncome,reportedDate,reportedEPS,estimatedEPS,commonStockSharesOutstanding,operatingCashflow,capitalExpenditures,eps_computed_simple,freeCashFlow
2005-09-30,36543000,5665000,2005-10-19,0.09,0.09,61698000,6929000,654000,0.09181821128723784,6275000
2005-12-31,36813000,251000,2006-02-02,0.09,0.09,59164000,14046000,2021000,0.00424244472990332,12025000
2006-03-31,35253000,-779000,2006-04-25,0.04,0.08,59164000,9267000,5662000,-0.013166790615915084,3605000
2006-06-30,41465000,4506000,2006-07-31,0.13,0.07,61910000,7789000,3307000,0.07278307220158295,4482000
2006-09-30,44404000,2661000,2006-10-19,0.0446,,59664000,5643000,1964000,0.044599758648431215,3679000
2006-12-31,36813000,251000,2007-02-02,0.0495,,59164000,14046000,2021000,0.00424244472990332,12025000
2007-03-31,36813000,251000,2007-06-05,0.1,0.11,59164000,14046000,2021000,0.00424244472990332,12025000
2007-06-30,43240000,6777000,2007-08-01,0.15,0.15,61884000,15922000,1497000,0.10951134380453752,14425000
2007-09-30,49806000,6753000,2007-10-25,0.16,0.17,62684000,22205000,1640000,0.10773084040584519,20565000
2007-12-31,52680000,6588000,2008-02-06,0.19,0.17,60444000,18196000,3924000,0.10899344848123883,14272000
2008-03-31,51840000,7209000,2008-04-24,0.17,0.17,64180000,9892000,2711000,0.11232471174820817,7181000
2008-06-30,53635000,7611000,2008-07-24,0.17,0.17,65524000,15639000,1720000,0.11615591233746414,13919000
2008-09-30,53816000,7637000,2008-10-23,0.17,0.17,65164000,6532000,2738000,0.11719661162605119,3794000
2008-12-31,42417000,-20654000,2009-02-04,0.08,0.1,54096000,4138000,1928000,-0.3818027210884354,2210000
2009-03-31,40289000,404000,2009-04-23,0.07,0.03,56114000,1849000,1767000,0.007199629326014898,82000
2009-06-30,49250000,4529000,2009-07-30,0.13,0.07,55888000,17391000,1721000,0.0810370741482966,15670000
2009-09-30,60024000,9152000,2009-10-23,0.18,0.16,56862000,16089000,4079000,0.16095107453132146,12010000
2009-12-31,66138000,9184000,2010-02-04,0.21,0.21,54940000,9642000,6789000,0.16716417910447762,2853000
2010-03-31,71507000,12314000,2010-04-28,0.25,0.25,58716000,16779000,3360000,0.20972137066557667,13419000
2010-06-30,79858000,15587000,2010-08-02,0.3,0.26,59070000,35087000,10153000,0.2638733705772812,24934000
2010-09-30,75452000,12634000,2010-10-27,0.27,0.24,58566000,13708000,8320000,0.21572243281084588,5388000
2010-12-31,72986000,8930000,2011-02-03,0.2,0.19,57256000,-5602000,8734000,0.15596618694983932,-14336000
2011-03-31,76762000,9854000,2011-05-02,0.2,0.2,60374000,5675000,7248000,0.16321595388743498,-1573000
2011-06-30,80184000,10599000,2011-08-02,0.22,0.22,60692000,34964000,5271000,0.17463586634152772,29693000
2011-09-30,75063000,7512000,2011-11-03,0.16,0.19,59758000,19387000,3710000,0.12570701830717226,15677000
2011-12-31,66730000,6326000,2012-02-02,0.14,0.14,58342000,9166000,6994000,0.10842960474443797,2172000
2012-03-31,71773000,7461000,2012-05-03,0.18,0.14,58870000,21567000,7471000,0.12673687786648546,14096000
2012-06-30,76382000,-7176000,2012-08-06,0.25,0.22,57238000,27743000,1283000,-0.12537125685733255,26460000
2012-09-30,78045000,-44406000,2012-10-25,0.25,0.23,57816000,-19631000,3427000,-0.7680572851805728,-23058000
2012-12-31,79170000,9717000,2013-02-04,0.24,0.21,58872000,22151000,4177000,0.16505299633102324,17974000
2013-03-31,77040000,10903000,2013-05-02,0.24,0.24,59566000,21572000,3950000,0.1830406607796394,17622000
2013-06-30,87922000,13672000,2013-07-30,0.31,0.29,60316000,24635000,2942000,0.22667285629020492,21693000
2013-09-30,91715000,16654000,2013-10-30,0.36,0.33,61304000,29001000,4358000,0.2716625342555135,24643000
2013-12-31,90412000,16037000,2014-02-03,0.33,0.31,61848000,23463000,2710000,0.2592969861596171,20753000
2014-03-31,83073000,12363000,2014-04-29,0.28,0.3,62334000,16243000,4465000,0.19833477716815862,11778000
2014-06-30,88985000,16716000,2014-07-29,0.31,0.29,62220000,26235000,5420000,0.2686595949855352,20815000
2014-09-30,90144000,16111000,2014-10-30,0.33,0.33,61514000,30609000,7509000,0.26190785837370356,23100000
2014-12-31,86595000,14354000,2015-02-04,0.3,0.26,60102000,12475000,5677000,0.23882732687764135,6798000
2015-03-31,82557000,6343000,2015-04-29,0.22,0.23,60116000,17672000,3322000,0.10551267549404485,14350000
2015-06-30,85265000,8590000,2015-07-29,0.24,0.24,60068000,25061000,1822000,0.1430045947925684,23239000
2015-09-30,88878000,11513000,2015-10-28,0.28,0.25,58596000,24655000,12864000,0.19648098846337633,11791000
2015-12-31,87289000,12701000,2016-02-04,0.29,0.26,58252000,24799000,3740000,0.21803543225983657,21059000
2016-03-31,85326000,8843000,2016-04-28,0.25,0.2,58488000,20291000,2095000,0.15119340719463822,18196000
2016-06-30,97169000,11265000,2016-07-28,0.3,0.25,58844000,23610000,2795000,0.1914383794439535,20815000
2016-09-30,103790000,14165000,2016-10-27,0.36,0.31,59250000,26258000,3184000,0.2390717299578059,23074000
2016-12-31,101108000,13617000,2017-02-01,0.34,0.31,59828000,27742000,4124000,0.22760246038644114,23618000
2017-03-31,104688000,14099000,2017-04-27,0.32,0.31,60496000,5947000,6403000,0.23305673102353874,-456000
2017-06-30,107563000,13902000,2017-07-27,0.35,0.33,60908000,24088000,16473000,0.2282458790306692,7615000
2017-09-30,111255000,16506000,2017-10-26,0.39,0.36,61228000,24562000,6691000,0.26958254393414777,17871000
2017-12-31,108249000,-16898000,2018-02-01,0.37,0.36,59518000,27442000,2929000,-0.2839141100171377,24513000
2018-03-31,103081000,14200000,2018-04-26,0.34,0.3,61104000,15729000,6991000,0.23239067818800732,8738000
2018-06-30,109482000,15381000,2018-07-26,0.37,0.35,60366000,26697000,4022000,0.2547957459497068,22675000
2018-09-30,110085000,17667000,2018-10-25,0.39,0.38,59996000,23209000,9007000,0.2944696313087539,14202000
2018-12-31,93307000,22736000,2019-02-07,0.27,0.24,59302000,18329000,5557000,0.383393477454386,12772000
2019-03-31,89188000,7233000,2019-04-25,0.21,0.2,58892000,1076000,3673000,0.12281803980167086,-2597000
2019-06-30,102865000,10845000,2019-07-25,0.28,0.27,59404000,19420000,4926000,0.1825634637398155,14494000
2019-09-30,114159000,17099000,2019-10-24,0.39,0.37,59732000,21844000,6077000,0.2862619701332619,15767000
2019-12-31,114457000,158291000,2020-01-30,0.41,0.39,60010000,182159000,10464000,2.6377437093817697,171695000
2020-03-31,109664000,15886000,2020-05-07,0.38,0.33,60268000,26391000,11603000,0.2635893011216566,14788000
2020-06-30,106832000,13192000,2020-07-30,0.33,0.32,60624000,36653000,10019000,0.21760358933755608,26634000
2020-09-30,121129000,14820000,2020-10-29,0.4,0.36,60852000,16229000,14116000,0.2435417077499507,2113000
2020-12-31,150693000,27278000,2021-02-02,0.6,0.44,61176000,46366000,34860000,0.44589381456780436,11506000
2021-03-31,173737000,39798000,2021-04-29,0.76,0.56,61451000,58122000,11051000,0.647637955444175,47071000
2021-06-30,180110000,41881000,2021-07-29,0.83,0.75,61466000,66848000,8243000,0.681368561481144,58605000
2021-09-30,176776000,42034000,2021-10-28,0.84,0.78,61363000,58735000,11011000,0.6850056222805273,47724000
2021-12-31,172654000,40700000,2022-02-03,0.83,0.75,61381000,47163000,16967000,0.6630716345448917,30196000
2022-03-31,182149000,46248000,2022-04-28,0.93,0.87,60107000,74597000,14700000,0.7694278536609712,59897000
2022-06-30,183986000,55824000,2022-08-04,1.03,0.98,58305000,66822000,13244000,0.9574479032673012,53578000
2022-09-30,160233000,45964000,2022-11-02,0.84,0.83,57603000,49826000,5500000,0.7979445514990539,44326000
2022-12-31,124770000,22815000,2023-02-06,0.48,0.46,57535000,24098000,5767000,0.3965412357695316,18331000
2023-03-31,106297000,6875000,2023-05-04,0.25,0.25,57579000,16585000,4082000,0.11940117056565762,12503000
2023-06-30,123223000,14793000,2023-08-03,0.36,0.34,57669000,6181000,3129000,0.25651563231545543,3052000
2023-09-30,125511000,19796000,2023-11-07,0.46,0.47,57741000,26726000,7530000,0.3428413086022064,19196000
2023-12-31,89507000,14271000,2024-02-08,0.22,0.15,57272000,16267000,6143000,0.24917935465847185,10124000
2024-03-31,91688000,3954000,2024-05-07,0.18,0.12,57132000,15905000,4343000,0.0692081495484142,11562000
2024-06-30,106198000,4849000,2024-08-06,0.28,0.26,56984000,17631000,4167000,0.08509406149094483,13464000
2024-09-30,115837000,14291000,2024-11-06,0.4,0.36,57004000,32918999,5730999,0.2507017051434987,27188000
2024-12-31,105250000,9140000,2025-02-06,0.3,0.28,57097000,14726000,3045000,0.16007846296653064,11681000
2025-03-31,105529000,8790000,2025-05-12,0.31,0.28,57123000,26386000,5726000,0.15387847276928732,20660000
2025-06-30,115852000,1369000,2025-08-06,0.35,0.35,56387000,29072000,5926000,0.02427864578714952,23146000
2025-09-30,118919000,-1356000,2025-11-06,0.36,0.35,55796000,29854000,5694000,-0.02430281740626568,24160000
