fiscalDateEnding,totalRevenue,netIncome,reportedDate,reportedEPS,estimatedEPS,commonStockSharesOutstanding,operatingCashflow,capitalExpenditures,eps_computed_simple,freeCashFlow
2005-09-30,1482668000,74729000,2005-11-07,1.12,1.08,66555733,130168000,52154000,1.1228033503890642,78014000
2005-12-31,1343812000,25678000,2006-01-23,0.39,0.39,66555733,56066000,43866000,0.3858119930855543,12200000
2006-03-31,1265709000,-31954000,2006-05-02,-0.48,-0.32,66555733,-54103000,30653000,-0.4801089036161618,-84756000
2006-06-30,1287646000,-20473000,2006-08-01,-0.31,-0.21,66555733,8558000,26795000,-0.307606859351996,-18237000
2006-09-30,1338398000,-7483000,2006-11-14,0.28,0.14,66555733,19861000,42568000,-0.11243208755585338,-22707000
2006-12-31,1337132000,-8736000,2007-01-30,-0.13,-0.07,66555733,19185000,39350000,-0.13125841465828345,-20165000
2007-03-31,1987185000,-40077000,2007-05-01,-0.46,-0.13,66555733,-74923000,55099000,-0.6021569922458821,-130022000
2007-06-30,2104499000,62641000,2007-07-31,0.94,0.63,66555733,108640000,41711000,0.9411811301064027,66929000
2007-09-30,2149116000,33188000,2007-11-13,0.61,1.13,66555733,411062000,36163000,0.4986497556867115,374899000
2007-12-31,2093211000,-32329000,2008-01-29,-0.29,0.33,66555733,-35199000,42684000,-0.4857432792453807,-77883000
2008-03-31,2100794000,-111448000,2008-05-05,-1.5,-0.81,66555733,-210535000,27532000,-1.6745063870005008,-238067000
2008-06-30,2207476000,-52781000,2008-07-29,-0.66,-1.19,70182107,-106035000,27425000,-0.7520577858969096,-133460000
2008-09-30,1876991000,-229356000,2008-12-11,-10.79,-2.4,74055733,-112371000,29028000,-3.097072849174283,-141399000
2008-12-31,1876991000,-228780000,2009-02-05,-2.99,-0.86,74056000,-112371000,29028000,-3.0892837852435995,-141399000
2009-03-31,1698102000,-58765000,2009-05-07,-0.46,-0.94,74055733,-50629000,19331000,-0.7935239801083327,-69960000
2009-06-30,1776813000,53239000,2009-08-03,0.73,-0.32,74055733,109991000,17246000,0.7189045039902583,92745000
2009-09-30,1736149000,82724000,2009-11-23,1.07,0.49,74055733,128015000,22588000,1.1170505867520075,105427000
2010-03-31,1642918000,-45547000,2010-05-06,-0.21,0.32,216890476,-4755000,30890000,-0.21000000018442488,-35645000
2010-06-30,1707568000,32918000,2010-07-30,0.15,0.18,214282000,-10187000,36553000,0.15361999607993204,-46740000
2010-09-30,1719850000,57926000,2010-10-29,0.27,0.18,214282000,37250000,41594000,0.27032601898432906,-4344000
2010-12-31,1811293000,41844000,2011-02-11,0.17,0.05,214282000,-7703000,70295000,0.19527538477333606,-77998000
2011-03-31,1892476000,-120760000,2011-04-29,-0.56,-0.22,214282000,-102403000,63960000,-0.5635564349782063,-166363000
2011-06-30,1922690000,-128141000,2011-07-29,-0.6,-0.23,224996000,-37769000,39192000,-0.5695256804565414,-76961000
2011-09-30,1891224000,-162516000,2011-10-28,-0.52,-0.43,224996000,10692000,18717000,-0.7223061743319881,-8025000
2011-12-31,1829308000,-85355000,2012-02-17,-0.4,-0.29,223631000,489000,14099000,-0.3816778532493259,-13610000
2012-03-31,1888773000,39173000,2012-04-27,0.19,0.08,223631000,29382000,16670000,0.1751680223224866,12712000
2012-06-30,1974469000,69358000,2012-07-27,0.27,0.28,258841000,50940000,20891000,0.26795600387882906,30049000
2012-09-30,2068478000,42931000,2012-10-26,0.18,0.06,258837000,75639000,24549000,0.1658611404088287,51090000
2012-12-31,2189662000,22772000,2013-02-14,0.1,-0.06,258887000,43663000,28217000,0.08796115679813973,15446000
2013-03-31,2036929000,54582000,2013-05-02,0.21,0.21,258953000,20639000,25778000,0.21077956231439682,-5139000
2013-06-30,2184119000,190705000,2013-07-31,0.74,0.57,259158000,290288000,23191000,0.735863835961074,267097000
2013-09-30,2142815000,160917000,2013-10-30,0.63,0.58,259386000,285789000,27324000,0.620376581619671,258465000
2013-12-31,2047285000,143351000,2014-02-20,0.56,0.47,259466000,281817000,39930000,0.552484718614385,241887000
2014-03-31,2018065000,98117000,2014-04-30,0.38,0.4,259446000,195701000,47760000,0.3781788888631931,147941000
2014-06-30,2186816000,190360000,2014-07-30,0.73,0.67,259574000,220490000,43054000,0.7333554208048572,177436000
2014-09-30,2268048000,255984000,2014-10-29,0.99,0.79,259522000,386217000,40535000,0.9863672443954655,345682000
2014-12-31,2110436000,167187000,2015-02-11,0.64,0.79,259929000,264284000,40094000,0.6432025668547949,224190000
2015-03-31,2052919000,204215000,2015-04-29,0.82,0.78,259929000,296086000,32591000,0.7856568524481685,263495000
2015-06-30,2053876000,241489000,2015-07-29,0.94,0.89,259897000,292017000,55103000,0.9291719411920877,236914000
2015-09-30,2112529000,137062000,2015-10-28,0.58,0.72,259503000,268211000,42154000,0.5281711579442242,226057000
2015-12-31,1960780000,63148000,2016-02-10,0.26,0.4,255478000,120514000,45916000,0.2471758820720375,74598000
2016-03-31,1962937000,118371000,2016-04-27,0.46,0.4,255147000,177863000,37074000,0.4639325565262378,140789000
2016-06-30,2028315000,152886000,2016-07-27,0.58,0.64,254944000,111121000,56904000,0.5996846366260826,54217000
2016-09-30,2495281000,102095000,2016-10-26,0.4,0.48,254920000,242125000,79462000,0.4004981955123176,162663000
2016-12-31,1908150000,70618000,2017-02-08,0.3,0.39,251395000,224374000,99027000,0.2809045525965115,125347000
2017-03-31,2479340000,100196000,2017-05-03,0.38,0.4,248926000,61454000,114487000,0.4025131966929931,-53033000
2017-06-30,2752286000,244759000,2017-08-02,0.94,0.83,248973000,254680000,59663000,0.9830744699224414,195017000
2017-09-30,2793885000,238773000,2017-11-07,0.98,0.78,248988000,302357000,84214000,0.9589739264542869,218143000
2017-12-31,2742352000,134337000,2018-02-14,0.6,0.51,248994000,182830000,81508000,0.5395190245548086,101322000
2018-03-31,2746678000,119418000,2018-05-10,0.53,0.52,248989000,640000,76681000,0.4796115491045789,-76041000
2018-06-30,2836713000,106541000,2018-08-01,0.53,0.63,249057000,303349000,78507000,0.4277775770205214,224842000
2018-09-30,2697604000,29310000,2018-10-31,0.21,0.33,249179000,121291000,76687000,0.11762628471901725,44604000
2018-12-31,2656789000,-7324000,2019-02-13,0.09,0.1,249366000,66370000,116791000,-0.02937048354627335,-50421000
2019-03-31,2724675000,84011000,2019-05-01,0.35,0.35,249557000,120369000,87941000,0.3366405270138686,32428000
2019-06-30,2843085000,170068000,2019-07-31,0.69,0.61,249636000,282995000,89668000,0.68126392026791,193327000
2019-09-30,2777970000,109765000,2019-10-30,0.45,0.41,249729000,132140000,81116000,0.43953645751995163,51024000
2019-12-31,3063489000,92080000,2020-02-20,0.14,0.24,249849000,131017000,89395000,0.36854259973023706,41622000
2020-03-31,3074928000,67268000,2020-04-29,0.31,0.17,249622000,21064000,77168000,0.26947945293283443,-56104000
2020-06-30,2824023000,-6036000,2020-07-29,-0.0245,0.1,246687000,119662000,71007000,-0.024468253292633985,48655000
2020-09-30,3075121000,33446000,2020-10-28,0.66,0.37,244376000,367609000,94428000,0.1368628670573215,273181000
2020-12-31,3117829000,79000,2021-02-10,0.25,0.33,243858000,215912000,112159000,0.00032395902533441595,103753000
2021-03-31,3273425000,100208000,2021-04-28,0.42,0.35,243858000,-143551000,102167000,0.41092767102166017,-245718000
2021-06-30,3637698000,-166687000,2021-07-28,0.63,0.53,243675000,258503000,81577000,-0.6840545808966861,176926000
2021-09-30,3827566000,60725000,2021-10-27,0.67,0.73,244195000,212543000,97076000,0.24867421527877312,115467000
2021-12-31,4038769000,36754000,2022-02-09,0.56,0.54,244341000,-1036000,100851000,0.15042092812913102,-101887000
2022-03-31,4240395000,280438000,2022-04-27,1.18,0.65,244300000,226996000,81578000,1.1479246827670897,145418000
2022-06-30,4631648000,362116000,2022-07-27,1.54,1.14,240973000,194223000,114627000,1.5027243716100973,79596000
2022-09-30,4468969000,258352000,2022-10-26,1.09,0.78,239208000,369394000,146383000,1.0800307682017325,223011000
2022-12-31,4127365000,-154976000,2023-02-08,-0.49,0.02,236469000,-120750000,144522000,-0.6553755460546625,-265272000
2023-03-31,4165628000,5187000,2023-04-26,0.08,0.05,237164000,-161704000,131701000,0.021870941626891096,-293405000
2023-06-30,4308091000,60456000,2023-07-26,0.44,0.3,237209000,251045000,154929000,0.2548638542382456,96116000
2023-09-30,4360196000,121278000,2023-10-25,0.58,0.42,237347000,310257000,145709000,0.510973384959574,164548000
2023-12-31,4528302000,134653000,2024-02-26,0.59,0.4,237465000,278279000,111477000,0.5670435643147411,166802000
2024-03-31,4361934000,174421000,2024-05-01,0.77,0.64,237491000,271027000,108429000,0.734432041635262,162598000
2024-06-30,4559314000,326303000,2024-07-31,1.67,1.3,237733000,718629000,104818000,1.3725608140224537,613811000
2024-09-30,4584979000,349860000,2024-10-30,1.63,1.38,237891000,651136000,103702000,1.4706735437658423,547434000
2024-12-31,4372064000,235854000,2025-02-24,1.35,1.07,238070000,349335000,159204000,0.9906918133322132,190131000
2025-03-31,4463009000,296033000,2025-04-30,1.31,1.34,238280000,126891000,98274000,1.2423745173745173,28617000
2025-06-30,4757365000,355520000,2025-07-30,1.7,1.58,238280000,495212000,161009000,1.4920261876783616,334203000
2025-09-30,4759342000,342813000,2025-10-29,1.52,1.47,238526000,458337000,181863000,1.4372143917224958,276474000
