fiscalDateEnding,totalRevenue,netIncome,reportedDate,reportedEPS,estimatedEPS,commonStockSharesOutstanding,operatingCashflow,capitalExpenditures,eps_computed_simple,freeCashFlow
2005-09-30,1620000000,193000000,2005-11-01,0.56,0.6,378431373,867000000,453000000,0.509999999392228,414000000
2005-12-31,1498000000,185000000,2006-02-01,0.52,0.5,378378378,347000000,273000000,0.4889285719175,74000000
2006-03-31,1650000000,280000000,2006-05-04,0.7,0.58,383561644,297000000,198000000,0.7299999996871429,99000000
2006-06-30,1504000000,181000000,2006-08-03,0.51,0.48,385106383,398000000,280000000,0.46999999997403313,118000000
2006-09-30,1589000000,226000000,2006-10-31,0.55,0.6,389655172,563000000,381000000,0.5800000006159292,182000000
2006-12-31,1724000000,178000000,2007-02-01,0.47,0.49,383018868,500000000,535000000,0.46472906394783664,-35000000
2007-03-31,1546000000,203000000,2007-05-03,0.65,0.7,390384615,286000000,341000000,0.5200000005123153,-55000000
2007-06-30,1573000000,345000000,2007-08-02,0.63,0.51,390109000,333000000,351000000,0.8843682150373358,-18000000
2007-09-30,1774000000,327000000,2007-10-31,0.72,0.62,384575000,275000000,192000000,0.8502892803744393,83000000
2007-12-31,1621000000,436000000,2008-01-31,0.6,0.55,371428571,677000000,801000000,1.1738461552005917,-124000000
2008-03-31,1526000000,260000000,2008-05-02,0.61,0.62,375002000,424000000,330000000,0.6933296355752769,94000000
2008-06-30,1014000000,190000000,2008-08-01,0.5,0.55,374902000,509000000,582000000,0.506799110167457,-73000000
2008-09-30,2971000000,203000000,2008-11-04,0.45,0.6,375096000,225000000,350000000,0.5411947874677416,-125000000
2008-12-31,2513000000,281000000,2009-02-04,0.46,0.46,375112000,431000000,488000000,0.7491095992663525,-57000000
2009-03-31,2344000000,241000000,2009-05-01,0.6,0.46,375409000,310000000,300000000,0.6419664952092251,10000000
2009-06-30,1671000000,-7000000,2009-08-04,0.32,0.4,376206000,258000000,272000000,-0.018606827110678723,-14000000
2009-09-30,1782000000,20000000,2009-10-29,0.52,0.45,376716000,679000000,316000000,0.05309039170090997,363000000
2009-12-31,1727000000,153000000,2010-02-05,0.52,0.36,377717000,605000000,425000000,0.4050651678372962,180000000
2010-03-31,3006000000,250000000,2010-05-06,0.94,0.9,377986000,798000000,305000000,0.6614001576777976,493000000
2010-06-30,1473000000,85000000,2010-08-05,0.62,0.67,382075000,-226000000,361000000,0.22246941045606228,-587000000
2010-09-30,2179000000,248000000,2010-10-28,0.74,0.7,482762000,1124000000,378000000,0.5137106897394575,746000000
2010-12-31,1863000000,355000000,2011-02-04,0.83,0.58,484138000,337000000,645000000,0.7332620038088313,-308000000
2011-03-31,2910000000,401000000,2011-05-05,0.84,0.73,484345000,196000000,428000000,0.8279222455068185,-232000000
2011-06-30,2489000000,196000000,2011-08-05,0.45,0.45,562019000,618000000,575000000,0.3487426581663609,43000000
2011-09-30,3120000000,444000000,2011-11-03,0.76,0.7,578054000,1032000000,682000000,0.7680943302874818,350000000
2011-12-31,4218000000,454000000,2012-02-10,0.7,0.62,579041000,661000000,802000000,0.7840550151025575,-141000000
2012-03-31,4112000000,541000000,2012-05-04,0.7,0.66,579527000,728000000,682000000,0.9335199222814468,46000000
2012-06-30,2549000000,271000000,2012-08-08,0.51,0.41,580593000,219000000,627000000,0.4667641532019849,-408000000
2012-09-30,2403000000,355000000,2012-11-08,0.72,0.68,582636000,1147000000,769000000,0.6092998029644581,378000000
2012-12-31,3222000000,359000000,2013-02-14,0.49,0.47,583644000,670000000,1027000000,0.6151009862176258,-357000000
2013-03-31,2457000000,413000000,2013-05-02,0.71,0.7,657020000,244000000,828000000,0.6285957809503516,-584000000
2013-06-30,3450000000,405000000,2013-08-01,0.49,0.46,664615000,703000000,969000000,0.6093753526477735,-266000000
2013-09-30,3074000000,410000000,2013-10-31,0.66,0.68,664343000,1276000000,971000000,0.6171510800896525,305000000
2013-12-31,2848000000,-98000000,2014-02-06,0.6,0.5,630192000,634000000,1539000000,-0.15550816259171807,-905000000
2014-03-31,1194000000,316000000,2014-05-01,0.8,0.71,663939000,931000000,892000000,0.4759473385356185,39000000
2014-06-30,1849000000,229000000,2014-07-31,0.53,0.45,665792000,652000000,1010000000,0.3439512640584447,-358000000
2014-09-30,1879000000,497000000,2014-11-04,0.54,0.52,666402000,1045000000,1050000000,0.7457960810441745,-5000000
2014-12-31,4023000000,695000000,2015-02-05,0.58,0.51,667263000,775000000,1233000000,1.041568317140318,-458000000
2015-03-31,2230000000,647000000,2015-05-07,0.77,0.7,668732000,673000000,962000000,0.96750267670756,-289000000
2015-06-30,1781000000,-757000000,2015-08-03,0.49,0.47,671286000,640000000,741000000,-1.1276862618913548,-101000000
2015-09-30,1878000000,393000000,2015-10-29,0.51,0.5,673702000,718000000,889000000,0.5833439710732639,-171000000
2015-12-31,1780000000,399000000,2016-02-04,0.43,0.44,676548000,546000000,940000000,0.5897585980595612,-394000000
2016-03-31,2011000000,481000000,2016-04-28,0.67,0.74,678817000,557000000,662000000,0.708585671837918,-105000000
2016-06-30,1785000000,483000000,2016-08-09,0.56,0.53,680729000,613000000,698000000,0.7095334560449166,-85000000
2016-09-30,1889000000,473000000,2016-11-01,0.63,0.58,680348000,1060000000,727000000,0.6952324398690082,333000000
2016-12-31,1832000000,465000000,2017-02-01,0.6,0.5,681863000,660000000,847000000,0.6819551728133071,-187000000
2017-03-31,1951000000,403000000,2017-05-04,0.62,0.61,683084000,135000000,677000000,0.5899713651615321,-542000000
2017-06-30,1725000000,292000000,2017-08-03,0.52,0.5,686351000,655000000,696000000,0.42543829614876355,-41000000
2017-09-30,1845000000,355000000,2017-11-01,0.56,0.53,688746000,964000000,779000000,0.5154294906975866,185000000
2017-12-31,1926000000,78000000,2018-02-22,0.55,0.48,691046000,707000000,981000000,0.11287237029083447,-274000000
2018-03-31,2126000000,452000000,2018-05-03,0.74,0.66,695322000,566000000,750000000,0.6500585340317148,-184000000
2018-06-30,1848000000,515000000,2018-08-07,0.55,0.54,700976000,759000000,777000000,0.7346899180571089,-18000000
2018-09-30,1872000000,445000000,2018-11-01,0.59,0.56,710517000,885000000,817000000,0.626304507844288,68000000
2018-12-31,1939000000,415000000,2019-02-14,0.52,0.49,727387000,611000000,894000000,0.5705353546324033,-283000000
2019-03-31,2079000000,466000000,2019-05-02,0.7,0.72,729953000,474000000,729000000,0.6383972666733337,-255000000
2019-06-30,1803000000,441000000,2019-08-06,0.58,0.56,730915000,596000000,745000000,0.6033533310986914,-149000000
2019-09-30,1933000000,475000000,2019-11-05,0.61,0.62,731151000,818000000,723000000,0.6496606036236017,95000000
2019-12-31,1954000000,364000000,2020-02-14,0.57,0.53,754762000,539000000,886000000,0.48227123252098014,-347000000
2020-03-31,1440000000,554000000,2020-05-08,0.67,0.71,768738000,692000000,616000000,0.7206616558567418,76000000
2020-06-30,1263000000,344000000,2020-08-10,0.55,0.55,769408000,607000000,542000000,0.4470969888537681,65000000
2020-09-30,1400000000,281000000,2020-11-05,0.58,0.62,769660000,948000000,532000000,0.365096276277837,416000000
2020-12-31,1929000000,290000000,2021-02-18,0.59,0.61,769725000,499000000,580000000,0.3767579330280295,-81000000
2021-03-31,1498000000,-1840000000,2021-05-06,0.28,0.64,769159000,663000000,471000000,-2.39222319442404,192000000
2021-06-30,1288000000,19000000,2021-08-05,0.19,0.24,769466000,858000000,498000000,0.02469244904908079,360000000
2021-09-30,1512000000,207000000,2021-11-04,0.36,0.38,769849000,457000000,491000000,0.2688838980111684,-34000000
2021-12-31,1485000000,134000000,2022-02-18,0.22,0.32,747702000,292000000,513000000,0.17921578382831663,-221000000
2022-03-31,1782000000,273000000,2022-05-05,0.41,0.39,736184000,502000000,427000000,0.3708312052421677,75000000
2022-06-30,1696000000,119000000,2022-08-03,0.3,0.3,736769000,477000000,582000000,0.16151602469702173,-105000000
2022-09-30,2134000000,174000000,2022-11-04,0.41,0.42,737074000,532000000,506000000,0.23606856299367499,26000000
2022-12-31,2290000000,190000000,2023-02-17,0.28,0.28,737570000,219000000,640000000,0.2576026682213214,-421000000
2023-03-31,2415000000,285000000,2023-05-04,0.48,0.46,737698000,430000000,499000000,0.386336956315457,-69000000
2023-06-30,1823000000,112000000,2023-08-04,0.29,0.32,738177000,412000000,591000000,0.15172512825514747,-179000000
2023-09-30,2043000000,230000000,2023-11-02,0.43,0.42,738184000,806000000,651000000,0.3115754337671908,155000000
2023-12-31,2031000000,113000000,2024-02-16,0.4,0.38,738600000,110000000,649000000,0.1529921473057135,-539000000
2024-03-31,2304000000,307000000,2024-05-01,0.54,0.5,738820000,282000000,596000000,0.41552746271080915,-314000000
2024-06-30,1881000000,190000000,2024-08-02,0.38,0.33,739563000,766000000,670000000,0.2569084716244593,96000000
2024-09-30,2066000000,214000000,2024-11-01,0.42,0.42,739965000,781000000,679000000,0.2892028677032022,102000000
2024-12-31,2211000000,177000000,2025-02-14,0.34,0.3732,741063000,511000000,860000000,0.2388460900085418,-349000000
2025-03-31,2504000000,414000000,2025-04-29,0.5571,0.5404,741400000,513000000,793000000,0.5584030213110331,-280000000
2025-06-30,2025000000,183000000,2025-07-31,0.32,0.3951,742541000,602000000,930000000,0.24645103772047605,-328000000
2025-09-30,2239000000,318000000,2025-11-05,0.48,0.47,744290000,966000000,1145000000,0.4272528181219686,-179000000
