fiscalDateEnding,totalRevenue,netIncome,reportedDate,reportedEPS,estimatedEPS,commonStockSharesOutstanding,operatingCashflow,capitalExpenditures,eps_computed_simple,freeCashFlow
2005-09-30,497482000,54935000,2005-11-02,0.53,0.51,103125000,106661000,28336000,0.5327030303030303,78325000
2005-12-31,529174000,70258000,2006-02-15,0.7,0.67,98143000,89095000,26394000,0.7158737760207045,62701000
2006-03-31,528630000,52699000,2006-05-03,0.59,0.6,100220000,122637000,17543000,0.5258331670325285,105094000
2006-06-30,486785000,-47509000,2006-08-03,0.36,0.49,96989000,8824000,25608000,-0.4898390539133304,-16784000
2006-09-30,462385000,20715000,2006-11-07,0.22,0.28,96195000,83226000,16870000,0.21534383283954467,66356000
2006-12-31,307819000,20664000,2007-02-15,0.38,0.37,96282000,1703000,9452000,0.21461955505702002,-7749000
2007-03-31,424008000,30038000,2007-05-03,0.36,0.35,96798000,88491000,16812000,0.3103163288497696,71679000
2007-06-30,405271000,5125000,2007-08-08,0.12,0.26,94659000,-232000,14518000,0.054141708659504115,-14750000
2007-09-30,404405000,15561000,2007-11-05,0.21,0.23,93455000,104981000,12755000,0.1665079450002675,92226000
2007-12-31,437157000,8829000,2008-02-20,0.34,0.3,90231000,8573000,13501000,0.09784885460650995,-4928000
2008-03-31,460242000,16384000,2008-05-05,0.18,0.21,90289000,35515000,18814000,0.18146175060084838,16701000
2008-06-30,418844000,12691000,2008-08-06,0.14,0.06,89905000,32535000,7656000,0.14116011345308938,24879000
2008-09-30,405633000,-147000,2008-11-05,-0.0016,0.09,89675000,90894000,13404000,-0.0016392528575411207,77490000
2008-12-31,426399000,31214000,2009-02-19,0.35,0.2,90090000,27776000,13980000,0.34647574647574647,13796000
2009-03-31,437447000,23257000,2009-05-06,0.26,0.33,90162000,48699000,14898000,0.2579468068587653,33801000
2009-06-30,440723000,6490000,2009-08-05,0.07,0.19,87833000,3005000,15238000,0.07389022349230927,-12233000
2009-09-30,459912000,20792000,2009-11-04,0.25,0.14,83669000,165692000,20193000,0.2485030297959818,145499000
2009-12-31,498994000,30680000,2010-02-17,0.36,0.32,83386394,70855000,23758000,0.36792573138490675,47097000
2010-03-31,529682000,55222000,2010-05-05,0.67,0.64,83386394,53468000,19757000,0.6622423317645802,33711000
2010-06-30,527739000,64318000,2010-08-04,0.81,0.62,80459000,-5603000,23399000,0.7993885084328665,-29002000
2010-09-30,524142000,26131000,2010-11-02,0.34,0.63,79819000,169650000,38788000,0.3273781931620291,130862000
2010-12-31,542476000,12102000,2011-02-17,0.81,0.76,76139000,54744000,45339000,0.15894613798447577,9405000
2011-03-31,543361000,73035000,2011-05-04,0.9,0.75,76753000,59656000,23792000,0.9515588967206493,35864000
2011-06-30,497193000,55353000,2011-08-03,0.74,0.65,75533000,55096000,24094000,0.73283200720215,31002000
2011-09-30,431314000,10634000,2011-11-01,0.26,0.34,75916618,94665000,19558000,0.14007473304461482,75107000
2011-12-31,412637000,-120449000,2012-02-27,0.31,0.26,75916618,21033000,10889000,-1.5865959676970858,10144000
2012-03-31,434137000,52076000,2012-05-10,0.51,0.25,66960000,17352000,12303000,0.7777180406212665,5049000
2012-06-30,368966000,-100234000,2012-07-31,-0.18,,67175342,-775000,7687000,-1.492124893089491,-8462000
2012-09-30,332757000,-33146000,2012-11-08,-0.47,-0.45,66100000,15917000,9506000,-0.5014523449319214,6411000
2012-12-31,354691000,-61492000,2013-02-27,-0.35,-0.33,67069734,-49292000,8448000,-0.9168367955656421,-57740000
2013-03-31,340483000,-15203000,2013-05-06,-0.12,-0.13,66428000,-14197000,4077000,-0.22886433431685435,-18274000
2013-06-30,294847000,-31390000,2013-08-07,-0.31,-0.51,66751000,-52778000,5928000,-0.47025512726401103,-58706000
2013-09-30,251313000,-87064000,2013-11-06,-0.54,-0.45,66849000,-10867000,6597000,-1.302397941629643,-17464000
2013-12-31,246452000,-30606000,2014-02-27,-0.47,-0.52,66994000,-7962000,3034000,-0.45684688181031136,-10996000
2014-03-31,243105000,-58143000,2014-05-08,-0.71,-0.42,66994000,-35420000,3468000,-0.8678836910768128,-38888000
2014-06-30,229292000,-46564000,2014-08-07,-0.4,-0.52,67157000,-45865000,3563000,-0.693360334738002,-49428000
2014-09-30,227452000,-47968000,2014-11-06,-0.6,-0.57,67209000,-19860000,3527000,-0.7137139371215164,-23387000
2014-12-31,174207000,-25488000,2015-03-03,-0.07,-0.29,67521038,-17479000,2598000,-0.37748234853853996,-20077000
2015-03-31,182302000,-24881000,2015-05-06,-0.28,-0.24,67534000,-20176000,3369000,-0.36842183196612077,-23545000
2015-06-30,174780000,-20723000,2015-08-06,-0.12,-0.49,67893000,-6419000,1625000,-0.3052302888368462,-8044000
2015-09-30,162074000,-45235000,2015-11-04,-0.17,-0.36,67961000,5592000,2932000,-0.6656023307485175,2660000
2015-12-31,199947000,142724000,2016-02-29,2.08,-0.06,68506000,-683000,3769000,2.0833795579949204,-4452000
2016-03-31,198886000,3011000,2016-05-04,0.04,-0.03,68798000,-10610000,876000,0.04376580714555656,-11486000
2016-06-30,182626000,11839000,2016-08-03,0.17,-0.1,69015000,16657000,1094000,0.17154241831485909,15563000
2016-09-30,167625000,-686000,2016-11-03,-0.01,-0.09,68460000,9667000,1382000,-0.010020449897750512,8285000
2016-12-31,155255000,-32876000,2017-02-23,-0.44,-0.06,68505000,-9802000,777000,-0.4799065761623239,-10579000
2017-03-31,162109000,5177000,2017-05-03,0.08,0.04,70319000,-39053000,735000,0.07362163853297117,-39788000
2017-06-30,146222000,4286000,2017-08-09,0.07,-0.04,70884000,4807000,1411000,0.060464985045990634,3396000
2017-09-30,144986000,3022000,2017-11-02,0.05,,70865000,5139000,1280000,0.04264446482748889,3859000
2017-12-31,143118000,-44382000,2018-02-21,0.12,0.05,69216000,7318000,2906000,-0.6412101248266296,4412000
2018-03-31,148065000,17502000,2018-05-02,0.25,0.24,71119000,11096000,1360000,0.24609457388320982,9736000
2018-06-30,142036000,8751000,2018-08-01,0.12,0.2,71562000,3658000,1377000,0.12228557055420475,2281000
2018-09-30,145690000,14857000,2018-11-01,0.23,0.22,71790000,3541000,1215000,0.2069508288062404,2326000
2018-12-31,145505000,14071000,2019-02-20,0.27,0.25,71583000,38692000,2780000,0.19656901778355196,35912000
2019-03-31,157853000,24791000,2019-05-08,0.36,0.32,71492000,12945000,479000,0.34676607172830526,12466000
2019-06-30,156441000,-559000,2019-08-07,0.39,0.29,70105000,40469000,929000,-0.007973753655231439,39540000
2019-09-30,154959000,18234000,2019-11-06,0.33,0.25,72142000,31977000,1812000,0.2527515178398159,30165000
2019-12-31,158451000,27516000,2020-02-19,0.33,0.28,72078000,-12306000,1954000,0.3817531008074586,-14260000
2020-03-31,170994000,29106000,2020-05-07,0.42,0.38,71714000,44768000,1015000,0.4058621747497002,43753000
2020-06-30,176035000,28167000,2020-08-06,0.41,0.37,70900000,60596000,2424000,0.39727785613540195,58172000
2020-09-30,169126000,39940000,2020-11-05,0.35,0.35,71016000,32389000,4040000,0.5624084713304044,28349000
2020-12-31,171159000,27051000,2021-02-24,0.39,0.34,70968000,42203000,2289000,0.38117179573892457,39914000
2021-03-31,183638000,30753000,2021-05-06,0.44,0.43,71482000,44708000,1042000,0.43022019529392014,43666000
2021-06-30,175539000,26649000,2021-08-05,0.41,0.4,71679000,38037000,2017000,0.37178253044824844,36020000
2021-09-30,173998000,27769000,2021-11-04,0.45,0.38,71466000,61461000,3217000,0.3885623933059077,58244000
2021-12-31,159859000,24466000,2022-02-24,0.4,0.32,70335000,46910000,4177000,0.34784957702424113,42733000
2022-03-31,182959000,32078000,2022-05-05,0.5,0.47,69567000,22154000,4742000,0.46110943407075194,17412000
2022-06-30,167684000,25767000,2022-08-08,0.42,0.37,69182000,32625000,2023000,0.37245237200427855,30602000
2022-09-30,168420000,22067000,2022-11-07,0.39,0.29,68550000,52861000,2340000,0.32191101385849746,50521000
2022-12-31,176145000,15955000,2023-02-23,0.31,0.28,68423000,40546000,3515000,0.23318182482498576,37031000
2023-03-31,195598000,34484000,2023-05-04,0.58,0.56,68514000,4572000,1925000,0.5033131914645183,2647000
2023-06-30,186564000,54673000,2023-08-03,0.61,0.52,68533000,61648000,1687000,0.7977616622648943,59961000
2023-09-30,179923000,41307000,2023-11-02,0.64,0.49,67103000,32613000,1189000,0.6155760547218455,31424000
2023-12-31,147919000,17188000,2024-02-21,0.27,0.23,67185000,13192000,1610000,0.25583091463868424,11582000
2024-03-31,168264000,39442000,2024-05-01,0.6,0.53,66841000,54492000,1198000,0.5900869226971469,53294000
2024-06-30,166740000,38429000,2024-07-31,0.6,0.58,67077000,38525000,824000,0.5729087466642814,37701000
2024-09-30,169828000,38255000,2024-11-12,0.59,0.53,67312000,50978000,975000,0.5683236272878536,50003000
2024-12-31,176431000,31464000,2025-02-19,0.5,0.48,67456000,17599000,1628000,0.46643738140417457,15971000
2025-03-31,213004000,43688000,2025-04-29,0.7,0.62,66872000,65127000,1737000,0.6533078119392272,63390000
2025-06-30,209581000,41028000,2025-07-31,0.62,0.6,66872000,78778000,2752000,0.6135303265940902,76026000
2025-09-30,211872000,39850000,2025-11-04,0.65,0.56,66007000,41225000,1853000,0.6037238474707228,39372000
