fiscalDateEnding,totalRevenue,netIncome,reportedDate,reportedEPS,estimatedEPS,commonStockSharesOutstanding,operatingCashflow,capitalExpenditures,eps_computed_simple,freeCashFlow
2005-09-30,469900000,-1800000,2005-10-20,-0.0251,,60000000,55700000,14100000,-0.03,41600000
2005-12-31,397200000,-6900000,2006-01-26,-0.096,,71755000,18500000,6900000,-0.09616054630339349,11600000
2006-03-31,394200000,-2100000,2006-04-20,-0.0293,,71755000,7400000,8300000,-0.029266253222771932,-900000
2006-06-30,502000000,7600000,2006-07-27,0.1059,,69090909,20700000,8400000,0.11000000014473685,12300000
2006-09-30,475500000,6600000,2006-10-26,0.0919,,73333333,55600000,6800000,0.09000000040909091,48800000
2006-12-31,400100000,-29600000,2007-02-02,-0.4126,,68571429,25700000,24600000,-0.43166666396875003,1100000
2007-03-31,400200000,4800000,2007-04-26,0.0669,,68571429,15400000,16600000,0.0699999995625,-1200000
2007-06-30,498400000,4700000,2007-07-19,0.0654,,67142857,-4700000,21400000,0.07000000014893618,-26100000
2007-09-30,464600000,-5800000,2007-10-25,-0.0807,,71871000,37300000,15500000,-0.08070014331232347,21800000
2007-12-31,413200000,-75100000,2008-02-08,-1.0686,,71871000,31500000,23700000,-1.0449277177164642,7800000
2008-03-31,389700000,-21300000,2008-04-28,-0.2964,,71871000,-1100000,19100000,-0.2963643194056017,-20200000
2008-06-30,466500000,-1800000,2008-07-31,-0.0253,,71136000,15600000,8400000,-0.025303643724696356,7200000
2008-09-30,420500000,-87600000,2008-11-06,-1.2465,,70300000,16100000,20100000,-1.2460881934566146,-4000000
2008-12-31,371400000,-12100000,2009-02-26,-0.1898,,70472000,36300000,11700000,-0.17169939834260414,24600000
2009-03-31,367000000,19900000,2009-05-01,0.2824,,70472000,21000000,5900000,0.2823816551254399,15100000
2009-06-30,438800000,33700000,2009-07-27,0.4778,,70529000,37400000,7700000,0.47781763529895505,29700000
2009-09-30,404900000,13900000,2009-10-29,0.1805,,77000000,56800000,5300000,0.18051948051948052,51500000
2009-12-31,386000000,14000000,2010-02-24,0.1861,,80840000,39900000,15000000,0.1731815932706581,24900000
2010-03-31,362900000,11500000,2010-05-05,0.1423,,80840000,8200000,8700000,0.14225630875804057,-500000
2010-06-30,424700000,22300000,2010-08-05,0.2757,,80887000,31300000,12800000,0.2756932510786653,18500000
2010-09-30,490600000,8300000,2010-11-04,0.0933,,88956000,65500000,11600000,0.093304555060929,53900000
2010-12-31,525100000,12600000,2011-03-03,0.1472,,95328000,73400000,15100000,0.13217522658610273,58300000
2011-03-31,534100000,6800000,2011-05-04,0.0713,,95328000,-25600000,12500000,0.07133266196710306,-38100000
2011-06-30,640000000,26500000,2011-08-03,0.2774,,95529000,21300000,13300000,0.27740267353369136,8000000
2011-09-30,611300000,16200000,2011-11-02,0.1703,,95146000,63900000,9500000,0.1702646459125975,54400000
2011-12-31,549200000,-11900000,2012-02-17,-0.126,,95702000,103900000,19200000,-0.1243443188230131,84700000
2012-03-31,523800000,5900000,2012-05-02,0.0617,,95702000,-43100000,20400000,0.06164970429040145,-63500000
2012-06-30,625800000,25100000,2012-08-03,0.2628,,95515000,38100000,20700000,0.2627859498508088,17400000
2012-09-30,583800000,14500000,2012-11-01,0.1517,,95598000,58000000,14200000,0.15167681332245445,43800000
2012-12-31,517200000,2300000,2013-02-15,0.0241,,95200000,120000000,19600000,0.02415966386554622,100400000
2013-03-31,505400000,1000000,2013-05-01,0.0,,95801000,-58600000,20100000,0.010438304401832967,-78700000
2013-06-30,563800000,16500000,2013-08-01,0.1719,,95981000,34100000,16300000,0.17190902366093289,17800000
2013-09-30,543200000,12000000,2013-10-31,0.1266,,94772000,87400000,12300000,0.12661967669775884,75100000
2013-12-31,481600000,-11500000,2014-02-12,-0.122,,94200000,92300000,12800000,-0.12208067940552017,79500000
2014-03-31,475100000,-3900000,2014-05-07,-0.0413,,94319000,-52500000,10300000,-0.04134903889990352,-62800000
2014-06-30,550900000,-6000000,2014-07-31,-0.0637,,94234000,29600000,13100000,-0.06367128637222234,16500000
2014-09-30,535000000,400000,2014-10-29,0.0042,,94348000,60500000,12300000,0.004239623521431297,48200000
2014-12-31,543500000,20300000,2015-02-24,0.1908,,98000000,19100000,17900000,0.20714285714285716,1200000
2015-03-31,709800000,-2500000,2015-05-07,-0.0644,,93196000,-1100000,29400000,-0.026825185630284562,-30500000
2015-06-30,779800000,16600000,2015-07-30,0.022,,100165000,75700000,30000000,0.16572655119053561,45700000
2015-09-30,755600000,4800000,2015-10-28,0.0435,,110410000,91800000,28800000,0.04347432297799112,63000000
2015-12-31,698800000,-4400000,2016-02-18,-0.0401,,109700000,88200000,27200000,-0.040109389243391066,61000000
2016-03-31,698400000,-3300000,2016-05-05,-0.0291,,113267000,-18700000,31800000,-0.029134699427017578,-50500000
2016-06-30,765000000,7400000,2016-08-04,0.0596,,124180000,87600000,34200000,0.05959091641166049,53400000
2016-09-30,885100000,-3900000,2016-11-10,-0.0282,,138195000,91600000,40400000,-0.028220992076413765,51200000
2016-12-31,887400000,-78000000,2017-02-23,-0.5636,,138400000,109300000,41500000,-0.5635838150289018,67800000
2017-03-31,896400000,-36400000,2017-05-04,-0.2624,,138735000,-3700000,40600000,-0.26237070674307134,-44300000
2017-06-30,580600000,-24600000,2017-08-03,-0.177,,139000000,60671606,30236186,-0.17697841726618704,30435420
2017-09-30,580900000,42500000,2017-11-09,0.3014,,141003000,44510608,21087878,0.3014120266944675,23422730
2017-12-31,571300000,17100000,2018-03-01,0.1226,,139488805,34786165,22399925,0.1225904831574118,12386240
2018-03-31,560800000,-68000000,2018-05-03,2.5823,,139953000,22600000,29800000,-0.48587740169914184,-7200000
2018-06-30,603600000,13200000,2018-08-02,0.0773,,139768000,34421336,28310286,0.09444221853356992,6111050
2018-09-30,609300000,9400000,2018-11-08,0.0721,,138787000,86828025,35426255,0.06772968649801495,51401770
2018-12-31,599200000,400000,2019-02-22,0.0051,,136195108,95998555,34879775,0.0029369630515656995,61118780
2019-03-31,427700000,-19700000,2019-05-02,-0.1449,,135948000,23600000,22000000,-0.1449083473092653,1600000
2019-06-30,455600000,4400000,2019-08-08,0.032,,137306000,8198888,24153248,0.03204521288217558,-15954360
2019-09-30,472100000,10100000,2019-11-07,0.1468,0.15,136208000,83069978,33650388,0.07415129801480089,49419590
2019-12-31,440000000,8100000,2020-02-20,0.05,0.05,136460000,133141643,21993223,0.05935805364209292,111148420
2020-03-31,474200000,-57000000,2020-05-07,0.02,0.02,141139000,-12600000,34899999,-0.40385719042929313,-47499999
2020-06-30,456800000,-130400000,2020-08-06,0.08,0.08,159931000,61257354,27743884,-0.8153516203862916,33513470
2020-09-30,517500000,22400000,2020-11-05,0.24,0.24,161433000,57492219,23532949,0.13875725533193337,33959270
2020-12-31,505000000,-20400000,2021-02-25,0.14,0.14,160406464,75221080,31168540,-0.12717691975305934,44052540
2021-03-31,478400000,-10200000,2021-05-06,0.06,0.06,160634000,29500000,27000000,-0.06349838763898054,2500000
2021-06-30,526100000,-8300000,2021-08-05,0.17,0.17,161561000,58690933,36008093,-0.051373784514827214,22682840
2021-09-30,550800000,18100000,2021-11-04,0.22,0.22,161932000,80155946,35326296,0.11177531309438529,44829650
2021-12-31,518000000,-2800000,2022-02-24,0.11,0.11,160732552,77406402,52837202,-0.01742024229167966,24569200
2022-03-31,526100000,-6700000,2022-05-12,0.09,0.0666,160928000,23600000,38600000,-0.04163352555179956,-15000000
2022-06-30,571400000,-22500000,2022-08-03,-0.14,0.0682,161149000,66018345,45956845,-0.1396223370917598,20061500
2022-09-30,584600000,1300000,2022-11-10,0.22,0.23,161988000,90140862,67894682,0.008025285823641258,22246180
2022-12-31,405100000,57500000,2023-02-23,0.36,0.2395,161061000,90275092,2990802,0.35700759339629085,87284290
2023-03-31,412500000,5800000,2023-05-04,0.04,0.09,160781000,34300000,42200000,0.036073914206280595,-7900000
2023-06-30,450600000,21300000,2023-08-10,0.24,0.2,159900000,77192702,27244602,0.13320825515947468,49948100
2023-09-30,470000000,33400000,2023-11-02,0.21,0.27,160042000,148545957,34390277,0.20869521750540482,114155680
2023-12-31,1086000000,12100000,2024-02-22,0.12,0.17,160523000,57957354,97922634,0.07537860618104571,-39965280
2024-03-31,1135800000,33500000,2024-05-09,0.12,0.14,218618000,6000000,23500000,0.15323532371533907,-17500000
2024-06-30,1314400000,54500000,2024-08-08,0.26,0.24,218618000,96668262,40642842,0.2492932878354024,56025420
2024-09-30,511400000,30600000,2024-11-07,0.35,0.3,162062000,266467279,32504639,0.1888166257358295,233962640
2024-12-31,1397200000,-157700000,2025-02-20,0.13,0.18,312891000,196794858,38736058,-0.5040093834594156,158058800
2025-03-31,1613700000,28700000,2025-05-08,0.29,0.23,381613000,34200000,62000000,0.07520708151975955,-27800000
2025-06-30,1730100000,27600000,2025-08-07,0.07,0.4,376815000,157639276,56015776,0.07324549181959317,101623500
2025-09-30,1766100000,16800000,2025-11-06,0.41,0.36,374055000,293738870,117108410,0.044913181216666,176630460
