fiscalDateEnding,totalRevenue,netIncome,reportedDate,reportedEPS,estimatedEPS,commonStockSharesOutstanding,operatingCashflow,capitalExpenditures,eps_computed_simple,freeCashFlow
2021-06-30,267389500,-11197678,2021-06-30,-0.112,,75409206,-2611090,5712500,-0.14849218807581663,-8323590
2021-09-30,212896000,-302448000,2021-09-30,-0.2278,,70509835,-42138000,13382000,-4.2894441605203015,-55520000
2021-12-31,589507000,-336786000,2021-12-31,-0.466,,70509835,-157078000,57501000,-4.776440052653648,-214579000
2022-03-31,452227000,-274490000,2022-03-31,0.1517,,70509835,40452000,294269000,-3.892932099472364,-253817000
2024-06-30,572646000,-266986000,2024-09-30,-0.13,0.0,70345152,62956000,83884000,-3.795371712324966,-20928000
2025-03-31,711302500,-596539500,2025-05-09,-0.72,0.0,70494933,-248826000,44016000,-8.462161386833293,-292842000
2025-06-30,711302500,-596539500,2025-09-03,-0.56,0.0,70494933,-248826000,44016000,-8.462161386833293,-292842000
