fiscalDateEnding,totalRevenue,netIncome,reportedDate,reportedEPS,estimatedEPS,commonStockSharesOutstanding,operatingCashflow,capitalExpenditures,eps_computed_simple,freeCashFlow
2012-03-31,45786000000,636000000,2012-05-16,1.04,1.02,640000000,-361000000,218000000,0.99375,-579000000
2012-06-30,47012000000,1181000000,2012-08-01,2.23,1.78,635157000,1434000000,270000000,1.8593827982687745,1164000000
2012-09-30,42948000000,1599000000,2012-10-31,2.97,2.35,637913000,1918000000,339000000,2.506611403122369,1579000000
2012-12-31,43985000000,708000000,2013-01-30,2.06,1.68,635634000,1305000000,894000000,1.1138485354779637,411000000
2013-03-31,41263000000,1407000000,2013-05-01,2.19,1.89,631288000,2213000000,387000000,2.228776723143795,1826000000
2013-06-30,43240000000,958000000,2013-07-31,1.5,1.83,624907000,968000000,371000000,1.5330281145834501,597000000
2013-09-30,44201000000,535000000,2013-10-30,0.87,0.94,614519000,1949000000,412000000,0.8705996071724389,1537000000
2013-12-31,43049000000,826000000,2014-01-29,1.34,1.1,604165000,897000000,623000000,1.3671761853136146,274000000
2014-03-31,40283000000,1572000000,2014-04-30,1.47,1.34,589575000,1398000000,572000000,2.666327439257092,826000000
2014-06-30,45549000000,863000000,2014-07-30,1.51,1.7,571285000,830000000,561000000,1.5106295456733505,269000000
2014-09-30,40417000000,1180000000,2014-10-29,2.02,1.75,564958000,429000000,1514000000,2.0886508377613913,-1085000000
2014-12-31,34963000000,1147000000,2015-01-29,1.63,1.37,559023000,872000000,1126000000,2.051793933344424,-254000000
2015-03-31,22778000000,987000000,2015-04-30,1.51,1.43,552337000,1352000000,1081000000,1.7869525307918896,271000000
2015-06-30,28512000000,1012000000,2015-07-31,1.83,1.81,548926000,1427000000,1213000000,1.8436000480939143,214000000
2015-09-30,25792000000,1578000000,2015-10-30,3.02,2.24,544696000,1437000000,992000000,2.8970288013864613,445000000
2015-12-31,21893000000,650000000,2016-01-29,1.31,1.25,540245000,1497000000,2478000000,1.2031578265416616,-981000000
2016-03-31,17409000000,385000000,2016-04-29,0.67,0.87,534709000,258000000,750000000,0.7200178040766099,-492000000
2016-06-30,21849000000,496000000,2016-07-29,0.94,0.93,531060000,1155000000,620000000,0.9339810944149437,535000000
2016-09-30,18273000000,511000000,2016-10-28,1.05,0.88,528798000,883000000,661000000,0.9663425353348538,222000000
2016-12-31,20418000000,163000000,2017-02-03,0.16,0.4,526279000,667000000,813000000,0.30972164954330306,-146000000
2017-03-31,19790000000,535000000,2017-04-28,0.56,0.05,524520000,-549000000,470000000,1.0199801723480515,-1019000000
2017-06-30,20748000000,550000000,2017-08-01,1.09,1.01,520160000,1865000000,458000000,1.0573669640110734,1407000000
2017-09-30,21995000000,823000000,2017-10-27,1.66,1.57,515960000,401000000,367000000,1.5950848903015737,34000000
2017-12-31,26502000000,3198000000,2018-02-02,1.07,0.86,511352000,1931000000,537000000,6.254008980115459,1394000000
2018-03-31,23587000000,524000000,2018-04-27,1.04,0.89,489668000,488000000,328000000,1.0701128111291733,160000000
2018-06-30,29117000000,1339000000,2018-07-27,2.8,2.19,471638000,2364000000,538000000,2.839041807487946,1826000000
2018-09-30,29886000000,1492000000,2018-10-26,3.1,2.48,469440000,582000000,779000000,3.178254942058623,-197000000
2018-12-31,28679000000,2240000000,2019-02-08,4.87,3.01,464406000,4139000000,994000000,4.823365761854928,3145000000
2019-03-31,23280000000,204000000,2019-04-30,0.4,0.34,459289000,-478000000,1097000000,0.4441647851352852,-1575000000
2019-06-30,27830000000,1424000000,2019-07-26,3.02,2.74,455585000,1930000000,631000000,3.125651634711415,1299000000
2019-09-30,27147000000,712000000,2019-10-25,3.11,2.59,451001000,1662000000,867000000,1.5787104684912008,795000000
2019-12-31,29186000000,736000000,2020-01-31,1.54,1.56,447835000,1694000000,1278000000,1.6434624359418089,416000000
2020-03-31,20199000000,-2496000000,2020-05-01,1.02,0.72,441345000,217000000,923000000,-5.655439622064371,-706000000
2020-06-30,11093000000,-141000000,2020-07-31,-0.74,-0.93,438756000,764000000,939000000,-0.32136312665809696,-175000000
2020-09-30,15909000000,-799000000,2020-10-30,-0.01,-0.8,438916000,491000000,552000000,-1.820393879466686,-61000000
2020-12-31,16492000000,-539000000,2021-01-29,-1.16,-1.06,439115000,639000000,506000000,-1.2274688862826366,133000000
2021-03-31,21750000000,-654000000,2021-04-30,-1.16,-1.4,439504000,271000000,331000000,-1.4880410644726783,-60000000
2021-06-30,27195000000,294000000,2021-08-03,0.74,0.6,440396000,1743000000,380000000,0.6675809952860607,1363000000
2021-09-30,30457000000,402000000,2021-10-29,3.18,1.95,440368000,2203000000,552000000,0.9128728699633034,1651000000
2021-12-31,32542000000,1273000000,2022-01-28,2.94,1.95,441584000,1800000000,597000000,2.8828037247726366,1203000000
2022-03-31,36599000000,582000000,2022-04-29,1.32,1.28,450011000,1136000000,370000000,1.293301719291306,766000000
2022-06-30,48712000000,3167000000,2022-07-29,6.77,5.97,485035000,1783000000,376000000,6.5294257115465895,1407000000
2022-09-30,44523000000,5391000000,2022-11-01,6.46,5.04,483036000,3144000000,735000000,11.16065883288202,2409000000
2022-12-31,40284000000,1884000000,2023-01-31,4.0,4.35,474327000,4750000000,713000000,3.971943406131213,4037000000
2023-03-31,34346000000,1961000000,2023-05-03,4.21,3.56,467034000,1199000000,378000000,4.1988377719823395,821000000
2023-06-30,34880000000,1697000000,2023-08-02,3.87,3.56,456168000,955000000,551000000,3.720120657301696,404000000
2023-09-30,39982000000,2097000000,2023-10-27,4.63,4.76,447258000,2685000000,855000000,4.688569013857774,1830000000
2023-12-31,38054000000,1260000000,2024-01-31,3.09,2.35,440575000,2190000000,634000000,2.8598989956307097,1556000000
2024-03-31,36013000000,748000000,2024-04-26,1.9,2.17,431906000,-236000000,628000000,1.731858321023556,-864000000
2024-06-30,38100000000,1015000000,2024-07-30,2.31,1.98,425734000,2097000000,367000000,2.384117782465107,1730000000
2024-09-30,35291000000,346000000,2024-10-29,2.04,1.66,418803000,1132000000,358000000,0.826164091470214,774000000
2024-12-31,33714000000,8000000,2025-01-31,-0.15,-0.23,418803000,1198000000,506000000,0.019102059918386448,692000000
2025-03-31,30495000000,487000000,2025-04-25,-0.9,-0.72,410505000,187000000,423000000,1.186343649894642,-236000000
2025-06-30,33323000000,877000000,2025-07-25,2.38,1.71,407929000,845000000,587000000,2.1498839258792586,258000000
2025-09-30,34979000000,133000000,2025-10-29,2.52,2.35,405549000,1178000000,1010000000,0.3279505065972299,168000000
