fiscalDateEnding,totalRevenue,netIncome,reportedDate,reportedEPS,estimatedEPS,commonStockSharesOutstanding,operatingCashflow,capitalExpenditures,eps_computed_simple,freeCashFlow
2005-09-30,468739000,106305000,2005-10-27,0.63,0.56,174587000,165779000,105949000,0.6088941330110489,59830000
2005-12-31,531201000,125192000,2006-03-30,0.77,0.73,171818000,138832000,115196000,0.7286314588692686,23636000
2006-03-31,597733000,159256000,2006-05-03,0.91,0.84,174313000,235139000,114216000,0.9136209003344559,120923000
2006-06-30,636813000,171690000,2006-08-03,1.0,0.95,171522000,117689000,142531000,1.000979466190926,-24842000
2006-09-30,673658000,185990000,2006-11-01,1.12,1.08,165742000,261284000,166675000,1.1221657757237151,94609000
2006-12-31,638382000,156318000,2007-02-22,0.97,1.03,155387000,223058000,174497000,1.005991492209773,48561000
2007-03-31,547101000,115801000,2007-05-03,0.73,0.71,157742000,309029000,175831000,0.734116468664021,133198000
2007-06-30,522558000,139551000,2007-08-02,0.64,0.54,157912000,137555000,149761000,0.883726379249202,-12206000
2007-09-30,524002000,98181000,2007-11-01,0.62,0.55,157339000,197610000,135852000,0.624009304749617,61758000
2007-12-31,520533000,85106000,2008-02-14,0.55,0.51,152600000,168030000,146242000,0.5577064220183486,21788000
2008-03-31,504554000,77409000,2008-05-01,0.5,0.5,155055000,181857000,84606000,0.499235755054658,97251000
2008-06-30,526283000,81422000,2008-07-31,0.52,0.51,156437000,91419000,91556000,0.520477892058784,-137000
2008-09-30,608532000,108746000,2008-10-30,0.7,0.62,155919000,186365000,153100000,0.6974518820669706,33265000
2008-12-31,569757000,79492000,2009-02-12,0.64,0.55,151735000,215363000,119631000,0.5238870399050977,95732000
2009-03-31,296039000,16203000,2009-04-30,0.11,0.14,151829000,214895000,89798000,0.10671874279617201,125097000
2009-06-30,160764000,-17743000,2009-07-30,-0.12,-0.12,151941000,139873000,156751000,-0.11677559052526967,-16878000
2009-09-30,176159000,-18580000,2009-10-29,-0.12,-0.16,152242000,61460000,104077000,-0.1220425375389183,-42617000
2009-12-31,148984000,-18170000,2010-02-11,-0.06,-0.08,152458000,37449000,102020000,-0.11918036442823597,-64571000
2010-03-31,271598000,4186000,2010-04-29,0.03,,153122000,87746000,108938000,0.027337678452475804,-21192000
2010-06-30,306992000,29528000,2010-07-29,0.11,0.06,152871000,205835000,189907000,0.19315632134283153,15928000
2010-09-30,378663000,29374000,2010-10-28,0.21,0.18,154109000,108886000,214834000,0.19060535075822957,-105948000
2010-12-31,505678000,53854000,2011-02-03,0.37,0.33,153122000,123231000,224411000,0.3517064824127167,-101180000
2011-03-31,567404000,71252000,2011-04-28,0.46,0.44,154653000,173107000,182552000,0.46072174480934736,-9445000
2011-06-30,600064000,81638000,2011-07-28,0.52,0.49,155581000,262166000,245066000,0.5247298834690611,17100000
2011-09-30,673828000,81928000,2011-10-27,0.55,0.56,154120000,220624000,283818000,0.5315857773163768,-63194000
2011-12-31,724647000,87595000,2012-02-02,0.61,0.63,154625000,212700000,300142000,0.5664995957962813,-87442000
2012-03-31,745921000,96532000,2012-04-26,0.63,0.57,155401000,263665000,263403000,0.6211800438864615,262000
2012-06-30,681112000,91732000,2012-07-26,0.49,0.44,153655000,231804000,248662000,0.5969997722169796,-16858000
2012-09-30,643631000,50344000,2012-10-25,0.39,0.38,150522000,286881000,232283000,0.3344627363441889,54598000
2012-12-31,652750000,58859000,2013-02-07,0.4,0.29,147515000,222990000,229640000,0.39900349117038947,-6650000
2013-03-31,667039000,55748000,2013-04-25,0.39,0.36,146783000,209717000,174161000,0.37979875053650625,35556000
2013-06-30,659316000,40376000,2013-07-25,0.28,0.3,146374000,173626000,158437000,0.2758413379425308,15189000
2013-09-30,730907000,73612000,2013-10-24,0.25,0.31,145432000,273357000,150686000,0.5061609549480169,122671000
2013-12-31,658772000,16392000,2014-02-06,0.28,0.22,144170000,232171000,179177000,0.11369910522300063,52994000
2014-03-31,678168000,34469000,2014-04-24,0.24,0.24,145099000,179497000,170372000,0.23755504862197535,9125000
2014-06-30,757276000,53724000,2014-07-24,0.37,0.32,146029000,180682000,317666000,0.36789952680631927,-136984000
2014-09-30,845628000,15816000,2014-10-23,0.47,0.47,146991000,206154000,285753000,0.1075984243933302,-79599000
2014-12-31,901219000,56994000,2015-02-05,0.46,0.49,145593000,162393000,278550000,0.3914611279388432,-116157000
2015-03-31,657699000,9039000,2015-04-23,0.06,0.03,145745000,404985000,241466000,0.06201928024975128,163519000
2015-06-30,472761000,-18975000,2015-07-23,-0.13,-0.27,145300000,235676000,222167000,-0.13059187887130075,13509000
2015-09-30,422251000,-225978000,2015-10-22,-0.26,-0.34,145662000,165378000,144587000,-1.5513860855954196,20791000
2015-12-31,338566000,-58658000,2016-02-04,-0.4,-0.48,145709000,193398000,135556000,-0.4025695049722392,57842000
2016-03-31,268939000,-70503000,2016-04-28,-0.55,-0.54,145770000,113733000,21301000,-0.4836591891335666,92432000
2016-06-30,193907000,-85866000,2016-07-28,-0.56,-0.63,145944000,68194000,30533000,-0.5883489557638546,37661000
2016-09-30,206133000,-84143000,2016-10-27,-0.57,-0.6,146326000,70779000,28677000,-0.5750379290078318,42102000
2016-12-31,246887000,-78122000,2017-02-09,-0.53,-0.54,146664000,52328000,39288000,-0.5326596847215403,13040000
2017-03-31,305175000,-63539000,2017-04-27,-0.42,-0.43,160062000,5557000,68440000,-0.3969649260911397,-62883000
2017-06-30,579186000,-92184000,2017-07-27,-0.21,-0.3,201204000,9828000,118350000,-0.45816186556927296,-108522000
2017-09-30,684989000,-33769000,2017-10-26,-0.13,-0.18,211875000,115880000,143061000,-0.15938171091445427,-27181000
2017-12-31,787334000,195402000,2018-02-08,-0.1,-0.08,221904000,169446000,237236000,0.8805699762059269,-67790000
2018-03-31,809164000,-34417000,2018-04-26,-0.16,-0.09,220783000,149965000,122921000,-0.15588609630270447,27044000
2018-06-30,854418000,-10713000,2018-07-26,-0.05,-0.04,220093000,150270000,194862000,-0.04867487834688064,-44592000
2018-09-30,867478000,-75042000,2018-10-25,-0.1,-0.12,218059000,188511000,162785000,-0.34413622001384947,25726000
2018-12-31,795937000,-201249000,2019-02-07,-0.04,-0.14,215700000,241924000,160890000,-0.9330041724617524,81034000
2019-03-31,704171000,-28614000,2019-04-25,-0.14,-0.21,211868000,183832000,118341000,-0.13505578945381086,65491000
2019-06-30,675765000,-49447000,2019-07-25,-0.17,-0.21,207499000,181467000,96919000,-0.2382999436141861,84548000
2019-09-30,598452000,-261719000,2019-10-24,-0.27,-0.3,199343000,218542000,68028000,-1.3129079024595798,150514000
2019-12-31,492297000,-85923000,2020-02-06,-0.43,-0.42,193687000,112362000,64224000,-0.4436177957219638,48138000
2020-03-31,445927000,-434722000,2020-04-23,-0.44,-0.47,190674000,73291000,71928000,-2.2799228001720215,1363000
2020-06-30,250380000,-150332000,2020-07-23,-0.54,-0.59,186633000,146042000,49673000,-0.8054952768267134,96369000
2020-09-30,207141000,-112111000,2020-10-22,-0.6,-0.62,187280000,63952000,13442000,-0.5986277231952157,50510000
2020-12-31,220801000,-106527000,2021-02-04,-0.57,-0.62,187478000,-4427000,10438000,-0.5682106700519528,-14865000
2021-03-31,240929000,-106413000,2021-04-29,-0.57,-0.56,187677000,8622000,18523000,-0.5670007512907815,-9901000
2021-06-30,291774000,-103309000,2021-07-29,-0.54,-0.52,188408000,35575000,38050000,-0.5483259734193877,-2475000
2021-09-30,357885000,-82998000,2021-10-28,-0.43,-0.44,188965000,7401000,34264000,-0.43922419495673803,-26863000
2021-12-31,466493000,-361825000,2022-02-10,-0.38,-0.35,215087000,43898000,75483000,-1.6822262619312185,-31585000
2022-03-31,509375000,-28777000,2022-04-27,-0.13,-0.21,215267000,33674000,94828000,-0.1336804991011163,-61154000
2022-06-30,622238000,21886000,2022-07-27,0.1,-0.04,219676000,51343000,96370000,0.09962854385549627,-45027000
2022-09-30,727503000,61452000,2022-10-26,0.28,0.18,220454000,178230000,126355000,0.27875202990192965,51875000
2022-12-31,788476000,100097000,2023-02-08,0.46,0.42,219838000,302941000,119244000,0.45532164593928254,183697000
2023-03-31,791802000,99678000,2023-04-26,0.46,0.35,215866000,234349000,117601000,0.46175868362780614,116748000
2023-06-30,758885000,84614000,2023-07-26,0.45,0.44,208984000,162857000,132394000,0.4048826704436703,30463000
2023-09-30,1011452000,50000,2023-11-07,0.2,0.25,281984000,156076000,160422000,0.0001773150249659555,-4346000
2023-12-31,1584317000,61950000,2024-02-14,0.15,0.19,418751000,452632000,205273000,0.14793994521804127,247359000
2024-03-31,1510360000,51235000,2024-05-01,0.15,0.13,409819000,365891000,226941000,0.12501860577474447,138950000
2024-06-30,1348194000,11077000,2024-07-24,0.03,0.15,399558000,197522000,130508000,0.02772313406313977,67014000
2024-09-30,1357222000,-978761000,2024-10-24,-2.5,0.01,391732000,296289000,180587000,-2.498547476335862,115702000
2024-12-31,1162135000,-51582000,2025-02-06,-0.13,-0.1,389450000,315834000,140350000,-0.1324483245602773,175484000
2025-03-31,1280537000,1005000,2025-04-24,0.0031,-0.04,387044000,208141000,161831000,0.0025966040036791683,46310000
2025-06-30,1219320000,-49144000,2025-07-22,-0.13,-0.04,385940000,139749000,144206000,-0.12733585531429756,-4457000
2025-09-30,1175954000,-36402000,2025-10-22,-0.1,-0.11,384888000,215803000,144479000,-0.09457816299806697,71324000
