fiscalDateEnding,totalRevenue,netIncome,reportedDate,reportedEPS,estimatedEPS,commonStockSharesOutstanding,operatingCashflow,capitalExpenditures,eps_computed_simple,freeCashFlow
2005-09-30,236335000,10813000,2005-11-01,0.13,0.14,70088000,25470000,3316000,0.15427747973975572,22154000
2005-12-31,237945000,14408000,2006-02-28,0.18,0.18,68400000,20987000,7572000,0.21064327485380116,13415000
2006-03-31,242349000,16002000,2006-04-25,0.18,0.18,67966000,26144000,6094000,0.2354412500367831,20050000
2006-06-30,241593000,15266000,2006-08-01,0.17,0.17,66618000,11475000,7974000,0.22915728481791708,3501000
2006-09-30,239692000,13108000,2006-10-31,0.14,0.14,65166000,29066000,12538000,0.201147837829543,16528000
2006-12-31,277923000,18999000,2007-02-27,0.22,0.23,65200000,18916000,12746000,0.29139570552147237,6170000
2007-03-31,260624000,13155000,2007-05-08,0.22,0.2,61126000,19900000,9006000,0.21521120308870204,10894000
2007-06-30,256256000,7009000,2007-08-07,0.2,0.18,61200000,6344000,7427000,0.11452614379084967,-1083000
2007-09-30,262775000,4827000,2007-11-06,0.16,0.15,60054000,20933000,6658000,0.08037766010590469,14275000
2007-12-31,283940000,7744000,2008-02-26,0.26,0.22,58000000,14414000,8057000,0.13351724137931034,6357000
2008-03-31,289005000,8625000,2008-05-06,0.24,0.22,57770000,20340000,8710000,0.14929894408862732,11630000
2008-06-30,283408000,7648000,2008-08-05,0.21,0.21,57410000,8912000,7300000,0.13321720954537536,1612000
2008-09-30,280028000,7747000,2008-11-04,0.14,0.18,55968000,18321000,8011000,0.13841838193253286,10310000
2008-12-31,279646000,12776000,2009-02-24,0.24,0.21,55300000,25490000,5250000,0.23103074141048824,20240000
2009-03-31,284972000,18764000,2009-05-05,0.22,0.17,55414000,31965000,5064000,0.3386147904861587,26901000
2009-06-30,276637000,15269000,2009-08-04,0.18,0.17,55978000,22614000,10129000,0.2727678730930008,12485000
2009-09-30,263946000,12636000,2009-11-03,0.15,0.13,56022000,27848000,5809000,0.2255542465459998,22039000
2009-12-31,280478000,13698000,2010-02-23,0.21,0.19,55400000,18486000,12536000,0.24725631768953069,5950000
2010-03-31,285786000,16875000,2010-05-04,0.27,0.25,54308000,26013000,9125000,0.31072770125948296,16888000
2010-06-30,280647000,13192000,2010-08-03,0.22,0.22,53942000,19673000,7746000,0.24455897074635718,11927000
2010-09-30,273126000,7848000,2010-11-03,0.16,0.18,52162000,16473000,6737000,0.1504543537441049,9736000
2010-12-31,286838000,14025000,2011-02-22,0.26,0.24,50000000,26937000,7517000,0.2805,19420000
2011-03-31,312467000,16427000,2011-05-03,0.32,0.3,51514000,25565000,4823000,0.31888418682299957,20742000
2011-06-30,293534000,12124000,2011-08-02,0.24,0.23,51370000,24511000,7599000,0.23601323729803386,16912000
2011-09-30,305668000,11123000,2011-11-01,0.22,0.2,50292000,34272000,8225000,0.2211683766801877,26047000
2011-12-31,306213000,15981000,2012-02-21,0.33,0.31,50200000,16660000,8672000,0.3183466135458167,7988000
2012-03-31,331276000,16744000,2012-05-01,0.35,0.28,48876000,44093000,6403000,0.34258122595957113,37690000
2012-06-30,318579000,14769000,2012-07-31,0.31,0.28,48224000,21069000,8643000,0.30625829462508297,12426000
2012-09-30,325514000,13151000,2012-10-31,0.28,0.27,47442000,29611000,11379000,0.27720163568146367,18232000
2012-12-31,367284000,17359000,2013-02-26,0.32,0.38,46604000,9606000,16203000,0.3724787571882242,-6597000
2013-03-31,355604000,19306000,2013-05-07,0.43,0.41,45612000,29914000,13248000,0.42326580724370777,16666000
2013-06-30,349186000,17150000,2013-08-06,0.39,0.35,44500000,17318000,12245000,0.3853932584269663,5073000
2013-09-30,346342000,14276000,2013-11-05,0.33,0.33,44168000,27601000,13044000,0.32322043108132587,14557000
2013-12-31,387890000,18295000,2014-02-25,0.41,0.41,43301000,26527000,12213000,0.4225075633357197,14314000
2014-03-31,401377000,19303000,2014-05-06,0.45,0.46,42696000,26678000,11137000,0.452103241521454,15541000
2014-06-30,380864000,16717000,2014-08-05,0.4,0.42,41970000,27887000,15102000,0.39830831546342627,12785000
2014-09-30,390399000,16033000,2014-11-04,0.39,0.37,41386000,30261000,11461000,0.3874015367515585,18800000
2014-12-31,425509000,21218000,2015-02-24,0.52,0.5,40789000,37806000,10955000,0.5201892667140651,26851000
2015-03-31,432284000,22306000,2015-05-05,0.55,0.53,40510000,40249000,7558000,0.5506294742039003,32691000
2015-06-30,398991000,10853000,2015-08-04,0.47,0.49,40217000,37733000,8943000,0.2698610040530124,28790000
2015-09-30,389284000,18020000,2015-11-03,0.45,0.45,39895000,41756000,10007000,0.4516856748966036,31749000
2015-12-31,416816000,24568000,2016-02-23,0.62,0.57,39367000,40574000,12464000,0.6240760027434146,28110000
2016-03-31,428595000,26402000,2016-05-03,0.69,0.63,38297000,29969000,10249000,0.6894012585842233,19720000
2016-06-30,422964000,22820000,2016-08-02,0.61,0.54,37507000,45154000,13752000,0.6084197616444931,31402000
2016-09-30,422442000,21310000,2016-11-01,0.57,0.5,37359000,40859000,14953000,0.570411413581734,25906000
2016-12-31,439619000,32855000,2017-02-21,0.69,0.66,37311000,28075000,16600000,0.8805714132561443,11475000
2017-03-31,449266000,28948000,2017-05-02,0.77,0.74,37350000,47329000,15064000,0.7750468540829987,32265000
2017-06-30,434778000,24200000,2017-08-01,0.65,0.64,37217000,30534000,15393000,0.6502404815003896,15141000
2017-09-30,431709000,22054000,2017-10-31,0.6,0.6,36581000,37054000,12738000,0.6028812771657418,24316000
2017-12-31,467606000,28509000,2018-02-27,0.54,0.67,35052000,20058000,9398000,0.8133344744950359,10660000
2018-03-31,427369000,16737000,2018-05-08,0.5,0.62,33552000,41036000,9320000,0.4988376251788269,31716000
2018-06-30,407959000,11791000,2018-08-07,0.49,0.54,32175000,33165000,12242000,0.36646464646464644,20923000
2018-09-30,364007000,-13033000,2018-11-06,0.2,0.22,31573000,24611000,9031000,-0.41278940867196656,15580000
2018-12-31,373981000,-13849000,2019-02-26,0.15,0.17,31534000,-26017000,11435000,-0.43917676159066404,-37452000
2019-03-31,398405000,-1731000,2019-05-07,0.31,0.24,31554000,13813000,8658000,-0.0548583380870888,5155000
2019-06-30,399623000,8354000,2019-08-06,0.28,0.3,31773000,18362000,9178000,0.26292764296729926,9184000
2019-09-30,403706000,385000,2019-11-06,0.21,0.23,31601000,17824000,9711000,0.012183158760798708,8113000
2019-12-31,417514000,-2142000,2020-02-26,0.37,0.33,31783000,11750000,10164000,-0.0673945190825284,1586000
2020-03-31,409859000,8443000,2020-05-06,0.41,0.39,32320000,33734000,5933000,0.2612314356435644,27801000
2020-06-30,460623000,20614000,2020-08-06,0.48,0.45,32619000,53924000,7862000,0.6319629663692939,46062000
2020-09-30,472941000,15708000,2020-11-05,0.35,0.32,32971000,80889000,10474000,0.47641867095326196,70415000
2020-12-31,469811000,13167000,2021-02-25,0.4,0.46,32981000,17892000,11383000,0.3992298596161426,6509000
2021-03-31,511746000,33883000,2021-05-06,0.9,0.56,33090000,63217000,7076000,1.0239649440918706,56141000
2021-06-30,515008000,32253999,2021-08-05,0.93,0.73,34729000,64813000,14467000,0.928733882346166,50346000
2021-09-30,512782000,29256000,2021-11-04,0.83,0.7,36719000,65593999,19784999,0.7967537242299627,45809000
2021-12-31,528885000,24623000,2022-02-24,0.75,0.72,36513000,-8949000,27231000,0.6743625558020431,-36180000
2022-03-31,542692000,10494000,2022-05-05,0.95,0.94,36236000,25394000,10233000,0.2896015012694558,15161000
2022-06-30,522664999,25433000,2022-08-04,0.74,0.75,35824000,20191000,20511000,0.7099430549352389,-320000
2022-09-30,510512000,8330999,2022-11-03,0.54,0.61,35448000,30968000,17680000,0.23502028323177612,13288000
2022-12-31,526234000,23514000,2023-02-23,0.71,0.66,35336000,41255000,29967000,0.6654403441249717,11288000
2023-03-31,527049000,22376000,2023-05-04,0.68,0.69,34324000,40788000,18410000,0.6519053723342267,22378000
2023-06-30,514530000,17768000,2023-08-03,0.59,0.59,32650000,52947000,16349000,0.5441960183767228,36598000
2023-09-30,522812000,15861000,2023-11-02,0.53,0.57,32799999,33201000,16146000,0.48356708791363073,17055000
2023-12-31,571322000,26093000,2024-02-29,0.91,0.72,32829000,66119000,25715000,0.7948155594139328,40404000
2024-03-31,513916000,14636000,2024-05-09,0.67,0.57,32909000,11987000,13058000,0.44474156005955817,-1071000
2024-06-30,507894000,12243000,2024-08-08,0.61,0.53,32853000,29970000,16097000,0.3726600310473929,13873000
2024-09-30,506807000,41808000,2024-11-07,0.43,0.43,32930000,13927000,17776000,1.269602186456119,-3849000
2024-12-31,530770000,14799000,2025-02-26,0.63,0.4956,32957000,50748000,25553000,0.4490396577358376,25195000
2025-03-31,518309000,9222000,2025-05-07,0.36,0.3459,32920000,31336000,12231000,0.2801336573511543,19105000
2025-06-30,529166000,9531000,2025-08-07,0.28,0.35,32969000,35507000,18074000,0.2890897509781916,17433000
2025-09-30,508154000,4707000,2025-11-06,0.32,0.41,33043000,39349000,20452000,0.14245074599763943,18897000
