fiscalDateEnding,totalRevenue,netIncome,reportedDate,reportedEPS,estimatedEPS,commonStockSharesOutstanding,operatingCashflow,capitalExpenditures,eps_computed_simple,freeCashFlow
2005-09-30,20032000,700000,2005-10-26,0.0207,,33787000,1532000,634000,0.020718027643768313,898000
2005-12-31,34778000,9602000,2006-02-15,0.28,0.23,32808000,9471000,1738000,0.2926725188978298,7733000
2006-03-31,27050000,5328000,2006-04-26,0.15,0.1,34708000,5776000,1125000,0.15350927740002304,4651000
2006-06-30,16471000,-4049000,2006-08-02,-0.12,-0.05,33347000,4204000,1831000,-0.1214202177107386,2373000
2006-09-30,23720000,2143000,2006-11-01,0.06,0.02,33744000,-1077000,724000,0.06350758653390233,-1801000
2006-12-31,38774000,18296000,2007-02-15,0.34,0.31,32551000,11828000,7289000,0.562071825750361,4539000
2007-03-31,33934000,4817000,2007-04-26,0.14,0.1,33629000,16083000,336000,0.1432394659371376,15747000
2007-06-30,18580000,-1712000,2007-07-26,-0.05,-0.06,31682000,2415000,994000,-0.05403699261410264,1421000
2007-09-30,27570000,2420000,2007-10-24,0.07,0.06,32762000,-697000,1969000,0.07386606434283621,-2666000
2007-12-31,37981000,8106000,2008-02-21,0.25,0.27,31784000,9541000,450000,0.2550339793606846,9091000
2008-03-31,40865000,8550000,2008-04-23,0.26,0.23,32835000,25924000,400000,0.2603928734582001,25524000
2008-06-30,21916000,-513000,2008-07-23,-0.02,-0.04,31757000,-3236000,809000,-0.016153918821047327,-4045000
2008-09-30,31868000,4741000,2008-10-22,0.15,0.11,32648000,-5116000,646000,0.14521563342318058,-5762000
2008-12-31,33483000,6070000,2009-02-25,0.19,0.21,31915000,11369000,2623000,0.1901926993576688,8746000
2009-03-31,16890000,-2801000,2009-04-22,-0.09,-0.02,31053000,9761000,843000,-0.09020062473835057,8918000
2009-06-30,24643000,637000,2009-07-22,0.02,,30063000,2129000,746000,0.021188836776103517,1383000
2009-09-30,56152000,14940000,2009-10-16,0.5,0.27,30149000,15864000,1591000,0.49553882384158676,14273000
2009-12-31,66597000,20107000,2010-02-11,0.68,0.47,29713000,45089000,3920000,0.6767071652138794,41169000
2010-03-31,28379000,-2517000,2010-04-29,-0.09,-0.02,28505000,-14021000,978000,-0.08830029819329942,-14999000
2010-06-30,25026000,-2467000,2010-07-29,-0.09,-0.07,28406000,-36000,1347000,-0.0868478490459762,-1383000
2010-09-30,28225000,-5861000,2010-10-27,-0.21,-0.11,28183000,667000,2980000,-0.20796224674449135,-2313000
2010-12-31,31709000,-426000,2011-02-24,-0.02,-0.02,28183000,3097000,5172000,-0.01511549515665472,-2075000
2011-03-31,59595000,11448000,2011-04-28,0.35,0.33,32838000,25636000,1438000,0.348620500639503,24198000
2011-06-30,27509000,-3660000,2011-08-02,-0.11,-0.1,32900000,8093000,1518000,-0.11124620060790273,6575000
2011-09-30,33108000,-1113000,2011-10-25,-0.03,-0.05,33019000,142000,1348000,-0.033707865168539325,-1206000
2011-12-31,38391000,958000,2012-02-29,0.03,0.05,33019000,13111000,16483000,0.02901359823132136,-3372000
2012-03-31,37960000,51000,2012-04-25,0.0015,0.06,33504000,2786000,15986000,0.0015222063037249284,-13200000
2012-06-30,30858000,-3122000,2012-07-25,-0.09,-0.09,32946000,1480000,3164000,-0.09476112426394706,-1684000
2012-09-30,32998000,-676000,2012-10-23,-0.02,-0.02,33004589,1619000,3112000,-0.020482000245481014,-1493000
2012-12-31,53925000,8740000,2013-02-12,0.27,0.2,34421721,13748000,5460000,0.2539094428195499,8288000
2013-03-31,61995000,12367000,2013-04-23,0.34,0.36,34575000,34445000,3742000,0.3576861894432393,30703000
2013-06-30,29706000,-1755000,2013-07-30,-0.15,-0.11,33802003,-5129000,9148000,-0.05192000012543636,-14277000
2013-09-30,33539000,-4361000,2013-10-23,-0.13,-0.07,33975000,-5098000,5415000,-0.12835908756438558,-10513000
2013-12-31,50170000,1139000,2014-02-11,0.03,0.09,36212053,1464000,4196000,0.031453615733965705,-2732000
2014-03-31,46673000,-1512000,2014-04-23,-0.04,0.3,34199633,22157000,4059000,-0.04421100074377991,18098000
2014-06-30,31488000,-6908000,2014-07-22,-0.2,-0.18,34347140,-4865000,2652000,-0.20112300471014471,-7517000
2014-09-30,40857000,-5767000,2014-10-21,-0.11,-0.12,34480078,186000,1873000,-0.1672560021470949,-1687000
2014-12-31,63597000,7113000,2015-02-11,0.2,0.09,36587812,18208000,2657000,0.19440900155494403,15551000
2015-03-31,61302000,3991000,2015-04-23,0.11,0.12,36281818,31766000,2867000,0.11000000055124029,28899000
2015-06-30,34873000,-8931000,2015-07-22,-0.26,-0.24,34597103,-8504000,4481000,-0.2581430011639992,-12985000
2015-09-30,46812000,-762000,2015-10-28,-0.02,-0.14,33684024,-3010000,4655000,-0.02262200026932649,-7665000
2015-12-31,52412000,-377000,2016-02-17,-0.01,0.05,33522000,16057000,5029000,-0.011246345683431776,11028000
2016-03-31,50321000,-3446000,2016-04-27,-0.11,-0.07,32726999,-7597000,2001000,-0.10529532512284429,-9598000
2016-06-30,39133000,-7840000,2016-07-27,-0.24,-0.24,32541112,5141000,3423000,-0.24092600154536822,1718000
2016-09-30,49341000,-572000,2016-10-26,-0.02,-0.02,32673000,-2350000,2436000,-0.017506809904202246,-4786000
2016-12-31,52808000,-1950000,2017-02-08,-0.06,0.02,32895000,16621000,4049000,-0.05927952576379389,12572000
2017-03-31,73692000,14290000,2017-04-24,0.42,0.15,34023809,29575000,3712000,0.4200000064660603,25863000
2017-06-30,38267000,-11842000,2017-07-26,-0.35,-0.18,33500050,-5568000,4358000,-0.3534920097134183,-9926000
2017-09-30,50894000,-5525000,2017-11-01,-0.16,-0.04,33913182,-7523000,4697000,-0.1629160012174617,-12220000
2017-12-31,114890000,-5088000,2018-02-21,0.23,0.2,34333142,11225000,4743000,-0.14819500062068308,6482000
2018-03-31,169143000,33958000,2018-05-08,1.29,1.01,41948000,35814000,4949000,0.809526079908458,30865000
2018-06-30,103155000,-3076000,2018-08-07,0.36,0.24,37925209,50648000,8628000,-0.0811070019416373,42020000
2018-09-30,117399000,10822000,2018-11-06,0.59,0.49,42889000,6666000,9298000,0.2523257711767586,-2632000
2018-12-31,132588000,32479000,2019-02-13,0.8,0.6,42816000,43217000,8814000,0.7585715620328849,34403000
2019-03-31,147968000,24844000,2019-05-08,0.91,1.01,42907000,32897000,4993000,0.5790197403687044,27904000
2019-06-30,108252000,1270000,2019-08-08,0.36,0.37,42333333,40534000,6791000,0.030000000236220473,33743000
2019-09-30,126492000,16181000,2019-10-30,0.7,0.64,43206000,13330000,6932000,0.37450817016155163,6398000
2019-12-31,152178000,30626000,2020-02-12,1.0,0.82,43290000,47724000,8513000,0.7074613074613074,39211000
2020-03-31,174653000,40237000,2020-05-07,1.22,0.95,43403000,61180000,5884000,0.9270557334746446,55296000
2020-06-30,201754000,67652000,2020-07-30,1.86,1.1,43746000,58997000,7504000,1.5464728203721483,51493000
2020-09-30,476058000,232268000,2020-10-29,5.78,4.75,43596000,70455000,22724000,5.327736489586201,47731000
2020-12-31,809203000,470130000,2021-02-18,11.07,10.14,43623117,439131000,28815000,10.777084085944615,410316000
2021-03-31,375338000,178084000,2021-05-06,4.38,4.71,43541320,585457000,78291000,4.090000027560028,507166000
2021-06-30,176600000,19100000,2021-08-05,0.75,1.2,42444444,-178024000,75245000,0.45000000471204193,-253269000
2021-09-30,509800000,215700000,2021-11-04,5.36,3.52,42500000,77059000,106863000,5.075294117647059,-29804000
2021-12-31,636867000,291317000,2022-02-17,7.29,5.61,42500000,321377000,32325000,6.854517647058824,289052000
2022-03-31,1002300000,479900000,2022-05-04,11.66,9.89,42400000,500972000,22402000,11.318396226415095,478570000
2022-06-30,613400000,19300000,2022-08-04,2.34,2.8,52900000,224628000,26298000,0.3648393194706994,198330000
2022-09-30,783800000,19200000,2022-11-02,1.85,0.74,67500000,-9700000,30500000,0.28444444444444444,-40200000
2022-12-31,866500000,30300000,2023-02-15,1.76,1.43,66900000,169400000,61700000,0.452914798206278,107700000
2023-03-31,846100000,48800000,2023-05-03,1.8,1.49,67099999,188900000,66000000,0.7272727381113672,122900000
2023-06-30,665100000,-53200000,2023-08-08,0.26,0.28,66800000,-30600000,51300000,-0.7964071856287425,-81900000
2023-09-30,744000000,-12700000,2023-11-01,0.9,0.6,66900000,41500000,43400000,-0.1898355754857997,-1900000
2023-12-31,742600000,7000000,2024-02-13,1.17,2.05,67300000,80400000,48600000,0.10401188707280833,31800000
2024-03-31,711000000,-1706000000,2024-05-08,0.44,0.39,66900000,-700000,66100000,-25.500747384155456,-66800000
2024-06-30,637000000,-147700000,2024-07-31,-0.07,-0.23,67099999,-97900000,35300000,-2.201192283177232,-133200000
2024-09-30,727100000,-19900000,2024-11-07,0.85,0.32,67300000,117900000,46500000,-0.29569093610698366,71400000
2024-12-31,707800000,-178400000,2025-02-12,0.63,0.58,67200000,63700000,47200000,-2.6547619047619047,16500000
2025-03-31,692800000,-12700000,2025-05-07,0.74,0.59,67500000,65600000,10100000,-0.18814814814814815,55500000
2025-06-30,615100000,-255400000,2025-08-05,0.12,0.01,67700000,-46800000,6500000,-3.772525849335303,-53300000
2025-09-30,699900000,-733000000,2025-11-06,0.8,0.5,68000000,-45500000,49200000,-10.779411764705882,-94700000
