fiscalDateEnding,totalRevenue,netIncome,reportedDate,reportedEPS,estimatedEPS,commonStockSharesOutstanding,operatingCashflow,capitalExpenditures,eps_computed_simple,freeCashFlow
2014-03-31,16834000,-5566000,2014-05-09,-0.17,-0.19,14107000,-4498000,1830000,-0.3945558942369037,-6328000
2014-06-30,19158000,-4683000,2014-08-07,-0.11,-0.14,34068000,384000,638000,-0.13746037337090525,-254000
2014-09-30,20989000,-4625000,2014-11-06,-0.1,-0.13,34171000,-144000,1347000,-0.13534868748353868,-1491000
2014-12-31,22148000,-4760000,2015-02-05,-0.1,-0.1,34405000,-1028000,1221000,-0.13835198372329605,-2249000
2015-03-31,24157000,-4645000,2015-05-07,-0.09,-0.13,35633000,-2644000,436000,-0.13035669183060647,-3080000
2015-06-30,26284000,-4982000,2015-08-06,-0.09,-0.11,37232000,2975000,1885000,-0.13380962612806188,1090000
2015-09-30,28018000,-7016000,2015-11-05,-0.1,-0.1,37438000,47000,1249000,-0.1874031732464341,-1202000
2015-12-31,30408000,-8420000,2016-02-10,-0.09,-0.1,38762000,5021000,3871000,-0.21722305350601104,1150000
2016-03-31,33759000,-9652000,2016-05-09,-0.11,-0.12,39024000,187000,4228000,-0.2473349733497335,-4041000
2016-06-30,36005000,-9708000,2016-08-03,-0.11,-0.12,39434000,-2576000,5845000,-0.246183496475123,-8421000
2016-09-30,38305000,-9481000,2016-11-02,-0.08,-0.09,39870000,1000000,5675000,-0.23779784298971657,-4675000
2016-12-31,42155000,-7513000,2017-02-15,-0.03,-0.04,40258000,4783000,1616000,-0.186621292662328,3167000
2017-03-31,44534000,-7040000,2017-05-03,-0.03,-0.06,40630000,-10668000,5893000,-0.17327098203298055,-16561000
2017-06-30,47625000,-7821000,2017-08-02,-0.03,-0.06,41064000,408000,2494000,-0.19045879602571594,-2086000
2017-09-30,50116000,-5782000,2017-11-01,0.03,-0.03,41386000,11603000,3962000,-0.13970908036534094,7641000
2017-12-31,51703000,-5521000,2018-02-14,0.05,0.01,41777000,8129000,936000,-0.1321540560595543,7193000
2018-03-31,54808000,-6048000,2018-05-02,0.04,-0.02,42170000,-7103000,5396000,-0.14341949253023475,-12499000
2018-06-30,58574000,-8627000,2018-08-07,0.01,0.01,42605000,-14181000,5758000,-0.2024879708954348,-19939000
2018-09-30,60541000,-8859000,2018-11-06,0.09,0.01,42993000,17424000,1066000,-0.20605679994417697,16358000
2018-12-31,67177000,-11863000,2019-02-19,-0.27,-0.01,43429000,8455000,1111000,-0.27315848856754704,7344000
2019-03-31,71296000,-19311000,2019-05-08,-0.44,-0.04,43773000,-10886000,5545000,-0.4411623603591255,-16431000
2019-06-30,77646000,-17331000,2019-08-08,-0.39,-0.02,44978000,-7793000,5607000,-0.38532171283738714,-13400000
2019-09-30,79702000,-18569000,2019-11-07,-0.39,0.03,47782000,17351000,1626000,-0.3886191452848353,15725000
2019-12-31,86840000,-15666000,2020-02-21,-0.32,0.1,48363000,1895000,1547000,-0.3239253148067738,348000
2020-03-31,92380000,-34108000,2020-05-07,-0.7,-0.12,48581000,-15799000,4929000,-0.702085177332702,-20728000
2020-06-30,97581000,-38971000,2020-08-06,-0.76,-0.02,51241000,-11415000,10244000,-0.7605433149235964,-21659000
2020-09-30,103804000,-26720000,2020-11-05,-0.5,0.06,53574000,5235000,2018000,-0.49874939336245194,3217000
2020-12-31,108986000,-37821000,2021-02-19,-0.69,0.05,54632000,19089000,7476000,-0.6922865719724703,11613000
2021-03-31,116520000,-25655000,2021-05-06,-0.46,0.08,55798000,-5478000,6933000,-0.45978350478511776,-12411000
2021-06-30,123573000,-30127000,2021-08-05,-0.53,0.08,56360000,11487000,9753000,-0.5345457771469128,1734000
2021-09-30,126736000,-31583000,2021-11-04,-0.56,0.03,56559000,-14395000,3281000,-0.5584080340882972,-17676000
2021-12-31,131891000,-25381000,2022-02-16,-0.45,0.05,56846000,39311000,3695000,-0.4464869999648172,35616000
2022-03-31,134071000,-23559000,2022-05-03,-0.41,0.06,57015000,-4502000,8157000,-0.41320705077611153,-12659000
2022-06-30,140309000,-25222000,2022-08-04,-0.44,0.05,57234000,-9318000,6425000,-0.4406821120313101,-15743000
2022-09-30,144751000,-27791000,2022-11-07,-0.48,0.04,57362000,6513000,10013000,-0.48448450193507897,-3500000
2022-12-31,146542000,-32411000,2023-02-21,-0.56,0.12,57582000,44802000,2209000,-0.5628668681185093,42593000
2023-03-31,153008000,-516000,2023-05-09,-0.0089,0.07,57885000,3894000,7081000,-0.00891422648354496,-3187000
2023-06-30,154531000,-23622000,2023-08-02,-0.41,0.13,58286000,13068000,9340000,-0.4052774251106612,3728000
2023-09-30,154967000,-23167000,2023-11-01,-0.4,0.19,58492000,16753000,7469000,-0.396071257607878,9284000
2023-12-31,162118000,-18079000,2024-02-21,0.2,0.25,58742000,36577000,6753000,-0.30776956862211025,29824000
2024-03-31,165508000,-13843000,2024-05-01,0.3,0.27,59446000,13436000,7415000,-0.23286680348551628,6021000
2024-06-30,172890000,-13060000,2024-07-31,0.38,0.31,60162000,36030000,7276000,-0.2170805491838702,28754000
2024-09-30,175021000,-11797000,2024-11-06,0.44,0.35,60310000,43250000,8151000,-0.1956060354833361,35099000
2024-12-31,183045000,164000,2025-02-19,0.4845,0.4715,64654000,43035000,6189000,0.0025365793299718504,36846000
2025-03-31,189735000,4753000,2025-05-07,0.07,-0.01,64820000,43531000,5699000,0.07332613390928726,37832000
2025-06-30,195148000,11764000,2025-07-30,0.18,0.1,69642000,48641000,3604000,0.16892105338732374,45037000
2025-09-30,201704000,15048000,2025-11-10,0.6362,0.56,69858000,45593000,8343000,0.21540839989693378,37250000
