fiscalDateEnding,totalRevenue,netIncome,reportedDate,reportedEPS,estimatedEPS,commonStockSharesOutstanding,operatingCashflow,capitalExpenditures,eps_computed_simple,freeCashFlow
2005-09-30,1490623000,63341000,2005-10-26,0.98,0.93,64633673,303000000,325541000,0.9800000071170333,-22541000
2005-12-31,1544793000,58801000,2006-02-03,0.93,0.94,61002564,309984000,293748000,0.9639103038357535,16236000
2006-03-31,1496291000,47582000,2006-04-27,0.75,0.68,61794805,117239000,310014000,0.7700000024273885,-192775000
2006-06-30,1595726000,70279000,2006-07-27,1.02,0.99,62193805,181105000,466114000,1.13000000562757,-285009000
2006-09-30,1620549000,65277000,2006-10-25,1.12,1.11,61582075,313260000,395433000,1.0600000081192458,-82173000
2006-12-31,1594077000,65821000,2007-02-02,1.09,1.09,60304706,241983000,523503000,1.091473690295414,-281520000
2007-03-31,1594102000,51259000,2007-04-25,0.84,0.82,61022619,253193000,487381000,0.8400000006554946,-234188000
2007-06-30,1657969000,65123000,2007-07-25,1.07,1.07,61090000,252022000,397911000,1.0660173514486824,-145889000
2007-09-30,1647724000,65533000,2007-10-24,1.14,1.13,59026000,332111000,208253000,1.1102395554501405,123858000
2007-12-31,1666200000,71946000,2008-02-01,1.18,1.08,57816495,265613000,223691000,1.2443853609597053,41922000
2008-03-31,1543582000,56082000,2008-04-23,0.96,0.87,57973000,300252000,273813000,0.9673813671881738,26439000
2008-06-30,1660242000,62946000,2008-07-23,1.22,1.16,57002000,222218000,335233000,1.104277042910775,-113015000
2008-09-30,1626100000,70200000,2008-10-22,1.22,1.27,57054000,359574000,282113000,1.230413292670102,77461000
2008-12-31,1373800000,10600000,2009-02-04,1.09,1.03,56552000,373487000,342906000,0.1874381100579997,30581000
2009-03-31,1203060000,6838000,2009-04-22,0.25,0.22,55281000,253795000,252033000,0.12369530218339031,1762000
2009-06-30,1242700000,22900000,2009-07-23,0.43,0.37,55400000,238636000,139254000,0.41335740072202165,99382000
2009-09-30,1256600000,24000000,2009-10-22,0.5,0.45,55500000,255570000,117299000,0.43243243243243246,138271000
2009-12-31,1247000000,8200000,2010-02-03,0.41,0.47,55339000,211218000,143367000,0.14817759627026147,67851000
2010-03-31,1219938000,12373000,2010-04-21,0.24,0.2,52702000,266296000,200101000,0.23477287389472884,66195000
2010-06-30,1286123000,29841000,2010-07-23,0.58,0.49,52261000,259223000,344288000,0.5709994068234439,-85065000
2010-09-30,1316948000,38835000,2010-10-21,0.76,0.66,51535000,272633000,316513000,0.7535655379838945,-43880000
2010-12-31,1313400000,37100000,2011-02-03,0.65,0.63,51174757,220606000,209190000,0.7249668034574155,11416000
2011-03-31,1425376000,25125000,2011-04-26,0.51,0.44,51011000,216516000,313218000,0.492540824528043,-96702000
2011-06-30,1513344000,40033000,2011-07-27,0.92,0.77,51003000,254674000,504159000,0.7849146128659098,-249485000
2011-09-30,1570700000,56500000,2011-10-25,1.09,1.02,51125400,310203000,347758000,1.1051258278663834,-37555000
2011-12-31,1541100000,48100000,2012-02-02,0.97,0.96,51143946,260063000,533454000,0.9404827699450489,-273391000
2012-03-31,1536400000,34300000,2012-04-24,0.59,0.58,51273569,185343000,470969000,0.6689606491016843,-285626000
2012-06-30,1563800000,46700000,2012-07-24,1.0,0.93,51123202,284404000,733016000,0.9134795586551875,-448612000
2012-09-30,1573295000,75091000,2012-10-23,1.28,1.18,50553000,295086000,490837000,1.4853915692441595,-195751000
2012-12-31,1583500000,53800000,2013-01-31,1.17,1.1,51371696,366072000,438413000,1.0472692978639444,-72341000
2013-03-31,1563017000,39924000,2013-04-23,0.81,0.78,51393000,248202000,420054000,0.7768373124744615,-171852000
2013-06-30,1603999000,62194000,2013-07-23,1.25,1.23,51923000,314544000,528060000,1.1978121449068813,-213516000
2013-09-30,1634540000,71067000,2013-10-22,1.46,1.44,52228000,322926000,547710000,1.3607069005131347,-224784000
2013-12-31,1617700000,64600000,2014-02-04,1.35,1.29,53335386,331617000,644640000,1.2112033838097656,-313023000
2014-03-31,1610737000,48232000,2014-04-23,0.92,0.87,53123000,236754000,578722000,0.9079306515068802,-341968000
2014-06-30,1684600000,75400000,2014-07-23,1.44,1.4,53046000,298417000,676500000,1.4214078347094974,-378083000
2014-09-30,1687150000,83689000,2014-10-22,1.63,1.63,52974000,439485000,485951000,1.5798127383244611,-46466000
2014-12-31,1656300000,11300000,2015-02-03,1.6,1.6,53039688,395335000,517991000,0.21304801038799473,-122656000
2015-03-31,1567100000,52900000,2015-04-22,1.08,1.0,53106000,277878000,553242000,0.9961209656159379,-275364000
2015-06-30,1662900000,85400000,2015-07-23,1.65,1.62,53295000,380820000,775976000,1.6024017262407355,-395156000
2015-09-30,1669066000,90619000,2015-10-22,1.74,1.72,53333000,412638000,758076000,1.6991168694804342,-345438000
2015-12-31,1672800000,76200000,2016-02-02,1.66,1.74,53490603,370452000,580684000,1.4245492801791746,-210232000
2016-03-31,1629672000,55794000,2016-04-26,1.12,1.05,53363000,365009000,575031000,1.0455559095253266,-210022000
2016-06-30,1703744000,73750000,2016-07-27,1.56,1.54,53377000,397663000,545151000,1.3816812484778087,-147488000
2016-09-30,1724418000,84752000,2016-10-25,1.67,1.66,53291000,422072000,391177000,1.590362350115404,30895000
2016-12-31,1729200000,48200000,2017-02-02,1.07,1.42,53463118,416278000,393798000,0.9015560970461918,22480000
2017-03-31,1748163000,38149000,2017-04-25,0.82,0.85,53396000,331349000,361339000,0.7144542662371713,-29990000
2017-06-30,1788028000,50816000,2017-07-26,1.0,0.99,52907000,400346000,493913000,0.9604778195701892,-93567000
2017-09-30,1840897000,58600000,2017-10-24,1.33,1.29,52776000,434496000,457593000,1.1103531908443232,-23097000
2017-12-31,1931146000,643000000,2018-02-16,1.37,1.36,53096614,381795000,547591000,12.110000083997823,-165796000
2018-03-31,1904205000,33500000,2018-04-24,0.91,0.87,53013000,314887000,662744000,0.6319204723369739,-347857000
2018-06-30,2089904000,42258000,2018-07-25,1.42,1.3,52624000,505551000,758557000,0.8030176345393737,-253006000
2018-09-30,2159682000,88751000,2018-10-26,1.64,1.64,52770000,391935000,778705000,1.6818457456888383,-386770000
2018-12-31,2260155000,108800000,2019-02-14,1.82,1.83,53116485,422722000,850403000,2.048328310881264,-427681000
2019-03-31,2180327000,45300000,2019-04-30,1.11,0.97,52641000,485330000,1026711000,0.8605459622727532,-541381000
2019-06-30,2244993000,75215000,2019-07-30,1.4,1.38,52549000,559729000,1184050000,1.431330757959238,-624321000
2019-09-30,2223932000,-91500000,2019-10-29,-1.49,1.48,52319000,544127000,746471000,-1.748886637741547,-202344000
2019-12-31,2276500000,-53500000,2020-02-13,-0.01,0.03,53278316,551353000,777942000,-1.00416086724663,-226589000
2020-03-31,2161306000,-109600000,2020-04-29,-1.38,-0.78,52284000,438586000,430960000,-2.096243592686099,7626000
2020-06-30,1895282000,-74100000,2020-07-29,-0.95,-1.29,52355000,660199000,273970000,-1.415337599083182,386229000
2020-09-30,2150575000,35800000,2020-10-28,1.21,-0.32,52729000,597804000,174470000,0.6789432759961311,423334000
2020-12-31,2212900000,25600000,2021-02-11,0.83,0.95,53732033,484714000,267121000,0.4764383286967757,217593000
2021-03-31,2221622000,50825000,2021-04-28,1.09,0.57,53400000,465711000,381051000,0.9517790262172284,84660000
2021-06-30,2382237000,149100000,2021-07-28,2.4,1.38,53591000,665522000,523348000,2.7821835756003805,142174000
2021-09-30,2459049000,138100000,2021-10-27,2.55,2.09,53514000,553658000,523285000,2.580633105355608,30373000
2021-12-31,2600000000,180231000,2022-02-16,3.52,2.47,54000000,490416000,513725000,3.3376111111111113,-23309000
2022-03-31,2854000000,175600000,2022-04-27,3.59,2.36,52500000,465704000,584289000,3.3447619047619046,-118585000
2022-06-30,3033662000,239400000,2022-07-27,4.43,4.01,51194660,637000000,611000000,4.676268970240256,26000000
2022-09-30,3035464000,246000000,2022-10-26,4.45,3.65,51073000,683000000,722000000,4.816635012628982,-39000000
2022-12-31,3088000000,206018000,2023-02-15,3.89,3.5,49300000,523586000,714296000,4.178864097363083,-190710000
2023-03-31,2952000000,139000000,2023-04-26,2.81,2.96,47474000,478000000,641000000,2.9279184395669207,-163000000
2023-06-30,2884000000,-18000000,2023-07-26,3.61,2.91,45975000,743000000,1011000000,-0.3915171288743883,-268000000
2023-09-30,2924000000,161000000,2023-10-25,3.58,3.22,46270000,621000000,805000000,3.479576399394856,-184000000
2023-12-31,3023000000,124000000,2024-02-14,2.95,2.73,45400000,511000000,777000000,2.7312775330396475,-266000000
2024-03-31,3098000000,85000000,2024-04-23,2.14,1.71,45000000,526000000,686000000,1.8888888888888888,-160000000
2024-06-30,3182000000,127000000,2024-07-25,3.0,2.87,44633000,552000000,638000000,2.8454282705621403,-86000000
2024-09-30,3168000000,142000000,2024-10-24,3.44,3.42,43885000,629000000,598000000,3.235729748205537,31000000
2024-12-31,3189000000,135000000,2025-02-12,3.45,3.3735,43400000,558000000,761000000,3.110599078341014,-203000000
2025-03-31,3131000000,98000000,2025-04-23,2.46,2.3928,42929000,651000000,514000000,2.28283910643155,137000000
2025-06-30,3189000000,131000000,2025-07-24,3.32,3.14,42400000,752000000,689000000,3.089622641509434,63000000
2025-09-30,3171000000,138000000,2025-10-23,3.57,3.61,41600000,442000000,527000000,3.3173076923076925,-85000000
