fiscalDateEnding,totalRevenue,netIncome,reportedDate,reportedEPS,estimatedEPS,commonStockSharesOutstanding,operatingCashflow,capitalExpenditures,eps_computed_simple,freeCashFlow
2005-09-30,330523000,7149000,2005-10-19,0.2,0.14,89362500,44785000,3025000,0.08,41760000
2005-12-31,347431000,27281000,2006-01-25,0.31,0.25,88003226,95414000,401000,0.3099999993182068,95013000
2006-03-31,344343000,23059000,2006-05-17,0.26,0.25,89040000,74158000,493000,0.2589734950584007,73665000
2006-06-30,336705000,17808000,2006-07-26,0.2,0.17,89040000,56350000,5936000,0.2,50414000
2006-09-30,348319000,21716000,2006-10-25,0.25,0.23,86864000,64409000,10186000,0.25,54223000
2006-12-31,352841000,24945000,2007-01-24,0.31,0.32,80467742,62659000,9316000,0.3099999997514532,53343000
2007-03-31,357271000,6271000,2007-05-16,0.2,0.2,76806667,76534000,16230000,0.08164655810412916,60304000
2007-06-30,338168000,-11521000,2007-07-25,0.09,0.21,79341000,39132000,11314000,-0.14520865630632335,27818000
2007-09-30,351026000,9195000,2007-10-24,0.17,0.12,80646000,40644000,15111000,0.11401681422513206,25533000
2007-12-31,350269000,55000000,2008-01-23,0.2,0.22,79671000,130094000,15398000,0.690339019216528,114696000
2008-03-31,344616000,-61497000,2008-05-14,0.15,0.16,77402000,57936000,13122000,-0.794514353634273,44814000
2008-06-30,331073000,10650000,2008-07-30,0.12,0.1,77756000,28473000,10717000,0.13696692216677814,17756000
2008-09-30,328935000,15853000,2008-10-29,0.18,0.17,78163000,86803000,11363000,0.2028197484743421,75440000
2008-12-31,321056000,-11449000,2009-01-29,0.21,0.19,78086000,78913000,10104000,-0.14662039290013576,68809000
2009-03-31,295509000,22450000,2009-05-13,0.25,0.22,78667000,74652000,46065000,0.2853801466942937,28587000
2009-06-30,255981000,4194000,2009-07-29,0.05,0.05,79012000,16166000,15592000,0.05308054472738318,574000
2009-09-30,271105000,9445000,2009-10-28,0.12,0.11,78915000,60703000,19897000,0.11968573781917252,40806000
2009-12-31,283807000,14262000,2010-01-28,0.18,0.15,79870000,74509000,16775000,0.1785651683986478,57734000
2010-03-31,288342000,16648000,2010-05-13,0.21,0.17,79741000,87904000,32709000,0.20877591201514906,55195000
2010-06-30,270395000,9805000,2010-07-28,0.12,0.11,79741000,16988000,9978000,0.122960584893593,7010000
2010-09-30,291669000,13281000,2010-10-27,0.16,0.16,81282000,42966000,30026000,0.16339410939691446,12940000
2010-12-31,299110000,20823000,2011-01-26,0.19,0.22,82098000,64230000,21112000,0.25363589856025726,43118000
2011-03-31,298796000,-67056000,2011-05-11,0.21,0.19,80942000,42035000,13176000,-0.8284450594252675,28859000
2011-06-30,288934000,10975000,2011-07-27,0.13,0.13,82014000,32754000,15882000,0.13381861633379666,16872000
2011-09-30,300034000,12292000,2011-10-26,0.19,0.17,81597000,57714000,14899000,0.15064279323994756,42815000
2011-12-31,280893000,7930000,2012-01-31,0.22,0.2,79020000,82540000,16083000,0.10035434067324728,66457000
2012-03-31,287255000,46066000,2012-05-15,0.22,0.19,76473000,56443000,14539000,0.6023825402429616,41904000
2012-06-30,271659000,13333000,2012-07-30,0.17,0.1,78057000,-1867000,9513000,0.1708110739587737,-11380000
2012-09-30,277467000,16511000,2012-10-25,0.21,0.15,77025000,39235000,9950000,0.21435897435897436,29285000
2012-12-31,273102000,14525000,2013-01-30,0.19,0.16,75878000,38543000,15703000,0.1914257096918738,22840000
2013-03-31,277131000,13238000,2013-05-15,0.19,0.16,75027000,74221000,23204000,0.17644314713369855,51017000
2013-06-30,266193000,13180000,2013-07-31,0.17,0.15,75491000,16849000,14874000,0.17459034851836644,1975000
2013-09-30,276271000,9839000,2013-11-06,0.2,0.2,76036000,40521000,16929000,0.12939923194276395,23592000
2013-12-31,277873000,15067000,2014-01-29,0.25,0.19,77839000,63772000,12195000,0.19356620717121237,51577000
2014-03-31,277208000,-29223000,2014-05-14,0.24,0.2,76293000,43834000,19817000,-0.3830364515748496,24017000
2014-06-30,242215000,-7604000,2014-08-04,0.13,0.19,76833000,1854000,23970000,-0.09896789140083037,-22116000
2014-09-30,260037000,-1544000,2014-11-03,0.18,0.17,78307000,25874000,25004000,-0.019717266655599117,870000
2014-12-31,260440000,4156000,2015-02-04,0.23,0.23,78302000,42804000,17540000,0.053076549768843705,25264000
2015-03-31,257367000,-6039000,2015-05-21,0.24,0.22,77427000,34452000,21114000,-0.07799604789027084,13338000
2015-06-30,196895000,-1039000,2015-08-05,0.09,0.05,77918000,23650000,15673000,-0.013334531173798096,7977000
2015-09-30,207345000,10723000,2015-11-04,0.14,0.1,77960000,19419000,14180000,0.1375448948178553,5239000
2015-12-31,221193000,-1410000,2016-02-04,0.18,0.12,77831000,37580000,14329000,-0.018116174788965836,23251000
2016-03-31,224655000,-1571000,2016-05-17,0.18,0.12,77471000,39316000,18121000,-0.02027855584670393,21195000
2016-06-30,214801000,3976000,2016-08-04,0.15,0.09,79353000,750000,14676000,0.050105226015399545,-13926000
2016-09-30,217267000,7140000,2016-11-07,0.18,0.11,79277000,35482000,13738000,0.09006395297501167,21744000
2016-12-31,223312000,1073000,2017-01-31,0.24,0.15,79851000,48933000,12853000,0.013437527394772764,36080000
2017-03-31,224868000,-8081000,2017-05-16,0.15,0.15,78012000,30665000,21203000,-0.10358662769830282,9462000
2017-06-30,212514000,-1300000,2017-08-03,0.14,0.14,78672000,4951000,10276000,-0.016524303437055115,-5325000
2017-09-30,225240000,-3336000,2017-11-01,0.22,0.17,79235000,27810000,11386000,-0.042102606171515115,16424000
2017-12-31,234871000,22941000,2018-02-06,0.31,0.23,81869000,43630000,15620000,0.28021595475698985,28010000
2018-03-31,244781000,5175000,2018-05-16,0.27,0.21,81282000,35762000,20654000,0.0636672325976231,15108000
2018-06-30,226960000,-3015000,2018-08-09,0.24,0.18,76935000,17184000,8005000,-0.03918892571651394,9179000
2018-09-30,64812000,20623000,2018-10-29,-0.14,0.08,77448000,7005000,1746000,0.2662818923664911,5259000
2018-12-31,80021000,1056400000,2019-02-11,0.03,-0.13,77398000,-24258000,1938000,13.648931496937905,-26196000
2019-03-31,78316000,-45461000,2019-05-28,-0.13,-0.17,68299000,-461151000,3347000,-0.6656173589657243,-464498000
2019-06-30,82511000,-42140000,2019-08-05,-0.24,-0.29,68906000,-15408000,4888000,-0.611557774359272,-20296000
2019-09-30,90143000,-40202000,2019-11-06,-0.23,-0.29,67684000,-28751000,2641000,-0.5939660776549849,-31392000
2019-12-31,102217000,-38040000,2020-02-05,-0.03,-0.09,67473000,15804000,2773000,-0.5637810679827486,13031000
2020-03-31,105701000,-4129000,2020-05-21,-0.05,-0.14,66977000,-427000,1409000,-0.0616480284276692,-1836000
2020-06-30,99437000,-21728000,2020-08-10,0.01,-0.15,65570000,-23612000,832000,-0.33137105383559556,-24444000
2020-09-30,104661000,-23968000,2020-11-09,0.03,-0.07,66010000,6249000,296000,-0.3630965005302227,5953000
2020-12-31,119753000,-11725000,2021-02-08,0.14,0.07,66523000,14690000,678000,-0.17625482915683297,14012000
2021-03-31,119175000,-32847000,2021-05-25,0.04,0.02,67111000,-17887000,376000,-0.48944286331599884,-18263000
2021-06-30,119038000,17365000,2021-08-05,0.09,-0.02,69605000,-17241000,427000,0.24947920408016666,-17668000
2021-09-30,127290000,-6431000,2021-11-02,0.26,0.05,68042000,10901000,876000,-0.09451515240586697,10025000
2021-12-31,140604000,-15375000,2022-02-09,0.14,0.13,68190000,25473000,1316000,-0.2254729432468104,24157000
2022-03-31,141725000,-29392000,2022-05-24,-0.01,0.02,68283000,58944000,1880000,-0.4304438879369682,57064000
2022-06-30,142243000,-27218000,2022-08-04,0.05,0.01,68403000,-33369000,1741000,-0.3979065245676359,-35110000
2022-09-30,147099000,-30436000,2022-11-08,0.22,0.09,67096000,21375000,2673000,-0.45361869560033385,18702000
2022-12-31,158615000,-29684000,2023-02-07,0.28,0.27,64784000,16606000,179000,-0.4581995554457891,16427000
2023-03-31,148626000,-31364000,2023-05-24,0.32,0.18,65126000,35233000,103000,-0.4815895341338329,35130000
2023-06-30,154069000,-1586000,2023-08-09,0.29,0.19,66497000,25693000,53000,-0.023850700031580373,25640000
2023-09-30,159871000,4863000,2023-11-08,0.43,0.24,67868000,36151000,200000,0.07165379855012671,35951000
2023-12-31,173869000,13977000,2024-02-08,0.47,0.4,67943000,17154000,2211000,0.2057165565253227,14943000
2024-03-31,171852000,-5373000,2024-05-22,0.25,0.19,67943000,28448000,1791000,-0.07908099436292186,26657000
2024-06-30,175961000,-7489000,2024-08-07,0.35,0.31,66621000,-9328000,226000,-0.11241200222152174,-9554000
2024-09-30,185483000,1732000,2024-11-06,0.03,0.04,67309000,55596000,241000,0.025732071491182458,55355000
2024-12-31,195412000,11210000,2025-02-05,0.55,0.46,67309000,47603000,282000,0.16654533569062085,47321000
2025-03-31,188724000,-6267000,2025-05-21,0.3,0.28,67309000,61782000,293000,-0.09310790533212497,61489000
2025-06-30,194822000,7747000,2025-08-06,0.44,0.42,66730999,-15821000,336000,0.11609297202339201,-16157000
2025-09-30,199829000,27420000,2025-11-05,0.55,0.48,65781000,57408000,589000,0.4168376886943038,56819000
