fiscalDateEnding,totalRevenue,netIncome,reportedDate,reportedEPS,estimatedEPS,commonStockSharesOutstanding,operatingCashflow,capitalExpenditures,eps_computed_simple,freeCashFlow
2024-03-31,0,-22669000,2024-05-29,-1.12,0.0,194570514,-17615000,1072000,-0.11650788978231306,-18687000
2024-06-30,0,-18121000,2024-08-08,-1.7,-0.68,201170514,-16352000,967000,-0.09007781329226011,-17319000
2024-09-30,0,-17537000,2024-11-07,-0.5,-0.52,191707489,-16415000,140000,-0.09147790778272621,-16555000
2024-12-31,720000,-19980000,2025-03-11,-0.57,-0.7,192881128,-14446000,226000,-0.10358711713880064,-14672000
2025-03-31,0,-24063000,2025-05-08,-0.68,-0.745,192881128,-20237000,291000,-0.12475559558112911,-20528000
2025-06-30,0,-26732000,2025-08-07,-0.75,-0.77,354446350,-25070000,22000,-0.07541903027073067,-25092000
2025-09-30,0,-26925000,2025-11-06,-0.71,-0.732,379311700,-17465000,134000,-0.07098383730319946,-17599000
