fiscalDateEnding,totalRevenue,netIncome,reportedDate,reportedEPS,estimatedEPS,commonStockSharesOutstanding,operatingCashflow,capitalExpenditures,eps_computed_simple,freeCashFlow
2005-09-30,38430000,4568000,2005-11-01,0.04,0.03,104513093,-42788000,10729000,0.04370744247326026,-53517000
2005-12-31,30143000,6696000,2006-02-22,0.14,0.12,103293237,-2436000,6871000,0.06482515404178882,-9307000
2006-03-31,55973000,13198000,2006-05-02,0.13,0.11,104494940,47676000,10849000,0.1263027664306042,36827000
2006-06-30,78680000,24526000,2006-08-01,0.22,0.22,104954213,49153000,11791000,0.23368285368401553,37362000
2006-09-30,55688000,9704000,2006-10-31,0.09,0.06,104905538,-35849000,14003000,0.09250226618160044,-49852000
2006-12-31,33736000,1688000,2007-02-22,0.09,0.15,103789069,-4635000,7341000,0.01626375509736965,-11976000
2007-03-31,68549000,17559000,2007-05-01,0.17,0.14,105526601,69362000,13564000,0.16639406399529535,55798000
2007-06-30,94543000,26555000,2007-07-31,0.25,0.26,105319312,3395000,18738000,0.2521379934574582,-15343000
2007-09-30,68060000,14903000,2007-10-30,0.14,0.09,104507808,43060000,25051000,0.14260178531349543,18009000
2007-12-31,83266000,16966000,2008-02-21,0.16,0.16,104507808,-14548000,55866000,0.1623419371689434,-70414000
2008-03-31,81394000,16407000,2008-04-29,0.16,0.2,105752985,100824000,26642000,0.155144556912507,74182000
2008-06-30,115822000,45919000,2008-08-08,0.37,0.31,106788372,26602000,26068000,0.43000000037457264,534000
2008-09-30,75909000,11934000,2008-10-30,0.11,0.13,108490909,22458000,45150000,0.11000000009217362,-22692000
2008-12-31,19103000,9253000,2009-02-26,0.18,0.17,108490909,-75193000,21582000,0.08528825212442455,-96775000
2009-03-31,83675000,19879000,2009-05-05,0.18,0.16,105679617,138302000,35440000,0.1881062835418868,102862000
2009-06-30,120459000,38847000,2009-08-07,0.37,0.34,106034620,65846000,43763000,0.36636147703457606,22083000
2009-09-30,75934000,12892000,2009-11-03,0.12,0.13,106183300,31327000,38132000,0.12141268918935463,-6805000
2009-12-31,97143000,21834000,2010-03-04,0.2,0.2,107433333,-97020000,40081000,0.20323301335163826,-137101000
2010-03-31,83544000,12707000,2010-05-04,0.12,0.13,106080428,94158000,18932000,0.11978646994146742,75226000
2010-06-30,103300000,26054000,2010-08-06,0.24,0.23,106106215,574000,16969000,0.2455464083795657,-16395000
2010-09-30,82229000,13375000,2010-11-02,0.13,0.09,105915148,15620000,10284000,0.1262803314970584,5336000
2010-12-31,88296000,13517000,2011-02-24,0.13,0.15,105485763,-70187000,16099000,0.1281405150380341,-86286000
2011-03-31,88463000,16570000,2011-05-03,0.13,0.13,106611182,54110000,14791000,0.1554245970183503,39319000
2011-06-30,114524000,26763000,2011-08-05,0.25,0.27,106960860,107066000,22397000,0.25021302184743094,84669000
2011-09-30,79709000,6533000,2011-11-01,0.06,0.14,106899423,2420000,18735000,0.06111351976146775,-16315000
2011-12-31,113403000,26767000,2012-02-28,0.25,0.24,106325701,-22450000,21130000,0.2517453423608277,-43580000
2012-03-31,101276000,17969000,2012-05-03,0.17,0.17,107027472,64487000,24136000,0.16789147369565077,40351000
2012-06-30,127213000,31303000,2012-08-02,0.3,0.36,106852613,43168000,10391000,0.29295493222987445,32777000
2012-09-30,92326000,8171000,2012-10-30,0.09,0.11,106831365,49216000,15086000,0.07648502853071287,34130000
2012-12-31,117140000,22103000,2013-02-26,0.21,0.23,106953754,-22811000,12727000,0.2066594128150004,-35538000
2013-03-31,102058000,13989000,2013-04-30,0.13,0.15,107024808,155862000,12950000,0.13070801304310678,142912000
2013-06-30,128322000,29795000,2013-08-06,0.28,0.27,107002439,-9481000,13335000,0.2784515967902377,-22816000
2013-09-30,105800000,16296000,2013-11-05,0.15,0.11,107042370,-32062000,14647000,0.15223878170858884,-46709000
2013-12-31,131223000,33325000,2014-03-03,0.28,0.26,106823223,74797000,12800000,0.31196400056193774,61997000
2014-03-31,98588000,14257000,2014-05-05,0.13,0.13,107302176,105775000,11066000,0.13286776215982796,94709000
2014-06-30,141835000,38607000,2014-08-05,0.36,0.34,107547720,-276000,8769000,0.35897553197780485,-9045000
2014-09-30,102217000,9342000,2014-11-04,0.13,0.13,107662663,-15912000,8926000,0.0867710285040971,-24838000
2014-12-31,138457000,28775000,2015-02-26,0.31,0.31,107338795,59095000,8601000,0.26807642101814166,50494000
2015-03-31,115618000,23777000,2015-05-07,0.22,0.15,107807948,110234000,5746000,0.22054960177889668,104488000
2015-06-30,155477000,45083000,2015-08-06,0.42,0.37,106978061,48038000,3382000,0.42142285603774404,44656000
2015-09-30,109318000,20825000,2015-11-05,0.19,0.15,107517888,19542000,8149000,0.19368870043280612,11393000
2015-12-31,135462000,45859000,2016-02-25,0.29,0.32,107428709,-16792000,13752000,0.4268784427075262,-30544000
2016-03-31,131945000,29406000,2016-05-09,0.27,0.21,107159010,165675000,6155000,0.2744146292504942,159520000
2016-06-30,158805000,39710000,2016-08-09,0.37,0.43,106979810,-17563000,5535000,0.3711915360477832,-23098000
2016-09-30,128876000,-5137000,2016-11-09,0.24,0.21,107525051,13309000,12951000,-0.0477749134013431,358000
2016-12-31,146769000,27853000,2017-02-21,0.3,0.27,108166241,14135000,11835000,0.2575017837589456,2300000
2017-03-31,199427000,10377000,2017-05-04,0.22,0.22,107788949,134542000,7527000,0.0962714647120272,127015000
2017-06-30,252613000,17635000,2017-08-08,0.33,0.31,108238660,-18535000,6871000,0.16292699854192577,-25406000
2017-09-30,227401000,10261000,2017-11-09,0.09,0.13,108178303,-17490000,14170000,0.09485266190577976,-31660000
2017-12-31,178785000,36754000,2018-02-26,0.26,0.2,108245291,49051000,10828000,0.33954363890065203,38223000
2018-03-31,260178000,17138000,2018-05-10,0.16,0.17,108643897,67238000,9598000,0.1577447097649673,57640000
2018-06-30,308530000,45717000,2018-08-09,0.42,0.36,109019708,40620000,8477000,0.4193461974783495,32143000
2018-09-30,245346000,23138000,2018-11-08,0.18,0.18,109887194,-10711000,14729000,0.21056138716218378,-25440000
2018-12-31,355972000,35486000,2019-02-28,0.32,0.36,109983224,47133000,10208000,0.32264920693723254,36925000
2019-03-31,303429000,18164000,2019-05-09,0.17,0.21,110044213,71903000,8426000,0.1650609287377974,63477000
2019-06-30,393222000,54036000,2019-08-08,0.49,0.43,109942768,88452000,8367000,0.4914920824987779,80085000
2019-09-30,289796000,25266000,2019-11-07,0.23,0.22,109381173,148750000,8499000,0.2309903917377079,140251000
2019-12-31,332194000,51573000,2020-02-27,0.47,0.41,110194557,23688000,15712000,0.4680176716895373,7976000
2020-03-31,273255000,22809000,2020-05-07,0.21,0.21,110482837,4132000,10715000,0.20644835541288645,-6583000
2020-06-30,389050000,53043000,2020-08-06,0.54,0.37,109323343,194192000,8669000,0.48519372482050793,185523000
2020-09-30,331542000,45387000,2020-11-05,0.44,0.3,110369718,67227000,10367000,0.411226927299026,56860000
2020-12-31,383413000,48856000,2021-02-18,0.49,0.56,111058161,-7679000,13385000,0.43991364128566834,-21064000
2021-03-31,331555000,28188000,2021-05-10,0.27,0.25,111267392,180687000,10325000,0.2533356762779162,170362000
2021-06-30,396361000,60749000,2021-08-05,0.55,0.61,111334184,30700000,11652000,0.5456455314748613,19048000
2021-09-30,329682000,32336000,2021-11-04,0.35,0.32,111391396,92731000,10608000,0.2902917205562268,82123000
2021-12-31,359373000,30595000,2022-02-17,0.27,0.55,111620283,13468000,10902000,0.27409892877623326,2566000
2022-03-31,393900000,178100000,2022-05-09,1.6,0.21,111655861,185100000,9800000,1.5950797244759054,175300000
2022-06-30,484500000,53400000,2022-08-04,0.48,0.58,111705102,12900000,10400000,0.4780444137636614,2500000
2022-09-30,411500000,42900000,2022-11-07,0.38,0.33,112209535,65900000,34300000,0.38232045075313786,31600000
2022-12-31,443862000,45289000,2023-02-21,0.68,0.6,111968794,199149000,17433000,0.4044787693256748,181716000
2023-03-31,512400000,-28100000,2023-05-10,0.57,0.49,120487251,-57300000,40400000,-0.2332196955842241,-97700000
2023-06-30,1106500000,86900000,2023-08-03,0.85,0.78,182810399,107200000,96700000,0.4753558904490986,10500000
2023-09-30,1019800000,63400000,2023-11-09,0.72,0.49,183601601,156800000,99800000,0.3453128929959603,57000000
2023-12-31,1040900000,84300000,2024-02-23,0.82,0.7,183895313,337300000,109300000,0.4584129884811148,228000000
2024-03-31,1064700000,107400000,2024-05-09,0.9,0.7,184581054,124800000,73600000,0.5818582008963932,51200000
2024-06-30,1096100000,111100000,2024-08-06,0.94,0.84,184912584,337300000,56500000,0.6008244414560774,280800000
2024-09-30,981800000,76100000,2024-11-08,0.94,0.68,185500000,285400000,64400000,0.4102425876010782,221000000
2024-12-31,1141600000,118500000,2025-02-21,0.95,0.7912,186014000,184500000,82400000,0.6370488242820432,102100000
2025-03-31,1108600000,113400000,2025-05-07,0.89,0.82,186353000,156800000,82000000,0.6085225351885937,74800000
2025-06-30,1186000000,109800000,2025-08-06,1.07,0.96,186649132,326500000,118300000,0.5882695452342098,208200000
2025-09-30,1092700000,95500000,2025-11-06,0.93,0.8,187100000,239700000,10000000,0.5104222340994121,229700000
