fiscalDateEnding,totalRevenue,netIncome,reportedDate,reportedEPS,estimatedEPS,commonStockSharesOutstanding,operatingCashflow,capitalExpenditures,eps_computed_simple,freeCashFlow
2024-01-31,175013000,-97497000,2024-04-03,-1.52,,175932212,12770000,4057000,-0.5541736723005563,8713000
2024-04-30,187315000,-732091000,2024-06-11,-1.58,-1.73,176589546,-31387000,5742000,-4.1457210609737905,-37129000
2024-07-31,204951000,-176930000,2024-09-09,-0.4,-0.49,179851000,-27083000,4929000,-0.9837587780996492,-32012000
2024-10-31,236178000,-130910000,2024-12-05,-0.21,-0.4,183590000,23095000,7527000,-0.7130562666811918,15568000
2025-01-31,258100000,-114889000,2025-03-13,-0.18,-0.39,188048000,83597000,5589000,-0.6109557134348677,78008000
2025-04-30,278481000,-102104000,2025-06-05,-0.15,-0.32,191625000,39655000,2850000,-0.5328323548597521,36805000
2025-07-31,309860000,-95929000,2025-09-09,-0.03,-0.34,194890000,63543000,7181000,-0.492221253014521,56362000
2025-10-31,350166000,-63829000,2025-12-04,0.1,-0.17,198379000,86665000,2409000,-0.3217528064966554,84256000
