fiscalDateEnding,totalRevenue,netIncome,reportedDate,reportedEPS,estimatedEPS,commonStockSharesOutstanding,operatingCashflow,capitalExpenditures,eps_computed_simple,freeCashFlow
2023-12-31,249750000,18534000,2024-02-28,0.21,0.0,163346491,-17433000,4602000,0.1134643290255926,-22035000
2024-03-31,242963000,-575066000,2024-05-07,-8.19,-8.72,163346491,32064000,2851000,-3.52052864116928,29213000
2024-06-30,281184000,-10099000,2024-08-06,-0.06,-0.3,165634091,28385000,1202000,-0.060971747657914216,27183000
2024-09-30,348351000,29853000,2024-10-29,0.16,-0.07,174154758,71622000,1353000,0.17141650531305036,70269000
2024-12-31,427707000,71036000,2025-02-12,0.36,0.25,180315979,89997000,842000,0.3939528842310753,89155000
2025-03-31,392361000,26158000,2025-05-01,0.66,0.51,184267286,127578000,979000,0.14195683112193883,126599000
2025-06-30,499627000,89297000,2025-07-31,0.45,0.19,187074655,111331000,505000,0.47733350089567184,110826000
2025-09-30,584911000,162663000,2025-10-30,1.26,1.05,202727809,185159000,2058000,0.8023714200946156,183101000
