fiscalDateEnding,totalRevenue,netIncome,reportedDate,reportedEPS,estimatedEPS,commonStockSharesOutstanding,operatingCashflow,capitalExpenditures,eps_computed_simple,freeCashFlow
2005-09-30,19018000,1589000,2005-10-28,0.04,0.03,39628122,,0.0,0.040097787121983725,
2005-12-31,21038000,2354000,2006-01-30,0.06,0.06,40098033,13850000.0,3626000.0,0.058706121569604176,10224000.0
2006-03-31,20046000,310000,2006-04-26,0.04,0.04,40434364,,0.0,0.007666746038097694,
2006-06-30,20058000,-604000,2006-07-24,0.01,0.03,38987036,,,-0.015492329296333273,
2006-09-30,20213000,-1096000,2006-10-30,0.02,0.02,38718102,,,-0.028307172701802375,
2006-12-31,21093000,110000,2007-01-29,0.03,0.04,37710194,7251000.0,5843000.0,0.0029169831372387,1408000.0
2007-03-31,19719000,-3571000,2007-05-02,-0.04,-0.01,38848958,,,-0.09192009731638105,
2007-06-30,21463000,-4013000,2007-07-26,-0.06,-0.05,38921670,,,-0.10310451735498502,
2007-09-30,23018000,-2648000,2007-10-23,-0.03,-0.04,38979820,,,-0.06793258665637758,
2007-12-31,24430000,-1779000,2008-01-28,-0.0455,,9770000,,6747000.0,-0.18208802456499487,
2008-03-31,22165000,-8330000,2008-04-28,-0.16,-0.03,39402516,,,-0.21140781974430262,
2008-06-30,24021000,-7072000,2008-07-23,-0.12,-0.09,39597506,,,-0.17859710659555175,
2008-09-30,23507000,-8488000,2008-11-03,-0.11,-0.07,38681312,,,-0.21943412881134952,
2008-12-31,24888000,-7132000,2009-02-10,-0.01,-0.02,38346269,,4645000.0,-0.18598941138184788,
2009-03-31,20495000,-6105000,2009-05-04,-0.06,-0.05,37812986,,,-0.16145247032329052,
2009-06-30,27079000,-1669000,2009-07-27,0.02,-0.02,37739154,,,-0.04422462676296347,
2009-09-30,29212000,151000,2009-11-03,0.06,0.04,38072498,,0.0,0.003966117484594785,
2009-12-31,32118000,1687000,2010-02-02,0.11,0.1,9670000,14427000.0,5837000.0,0.17445708376421923,8590000.0
2010-03-31,33096000,589000,2010-04-29,0.09,0.09,40443026,,0.0,0.014563697582866327,
2010-06-30,35206000,1403000,2010-07-27,0.11,0.1,42003726,,0.0,0.033401798688049725,
2010-09-30,36763000,3718000,2010-10-27,0.13,0.12,43843638,,0.0,0.08480135704067258,
2010-12-31,39054000,3924000,2011-02-03,0.14,0.14,44757521,40966000.0,5650000.0,0.08767241599462133,35316000.0
2011-03-31,38619000,4389000,2011-04-28,0.14,0.13,46047766,,0.0,0.09531407017660748,
2011-06-30,41115000,4930000,2011-07-26,0.16,0.15,45952000,,0.0,0.10728586350974931,
2011-09-30,42196000,5398000,2011-10-26,0.17,0.16,45564820,,0.0,0.11846859046079848,
2011-12-31,45090000,6620000,2012-02-01,0.21,0.19,45432166,41990000.0,5734000.0,0.14571174088420086,36256000.0
2012-03-31,45021000,6873000,2012-05-01,0.2,0.18,46232222,,0.0,0.1486625496823406,
2012-06-30,46802000,7551000,2012-07-26,0.22,0.22,46798988,,0.0,0.16134964285979858,
2012-09-30,47510000,8222000,2012-10-26,0.23,0.22,46642794,,0.0,0.17627588947608927,
2012-12-31,49838000,9111000,2013-01-29,0.24,0.24,46670422,51520000.0,9337000.0,0.19522000465305414,42183000.0
2013-03-31,45126000,4486000,2013-04-25,0.15,0.16,46995738,,0.0,0.09545546449339726,
2013-06-30,46822000,4945000,2013-07-25,0.15,0.16,46689174,,0.0,0.1059132037761045,
2013-09-30,48022000,2902000,2013-10-24,0.17,0.16,46572938,,0.0,0.06231086387549783,
2013-12-31,53027000,5722000,2014-01-28,0.22,0.2,46595955,30200000.0,8712000.0,0.12280035895819712,21488000.0
2014-03-31,51010000,4083000,2014-04-30,0.17,0.17,46866837,,0.0,0.08711917128096355,
2014-06-30,53055000,3947000,2014-07-24,0.18,0.18,46750581,,0.0,0.0844267582471328,
2014-09-30,56795000,7756000,2014-10-28,0.24,0.19,45623529,,0.0,0.17000000153429604,
2014-12-31,61030000,9160000,2015-01-28,0.28,0.27,47370000,22512000.0,4473000.0,0.1933713320667089,18039000.0
2015-03-31,57224000,6459000,2015-04-30,0.22,0.21,47449320,11772000.0,3004000.0,0.13612418470907486,8768000.0
2015-06-30,56027000,7186000,2015-07-28,0.23,0.24,47659321,14415000.0,4247000.0,0.1507784804571597,10168000.0
2015-09-30,48059000,661000,2015-10-28,0.1,0.11,46557853,-2700000.0,3551000.0,0.014197390072948596,-6251000.0
2015-12-31,48425000,-2752000,2016-02-03,0.17,0.17,44468827,8809000.0,2629000.0,-0.061886048849455824,6180000.0
2016-03-31,48425000,-2752000,2016-05-03,0.05,0.07,44468827,8809000.0,2629000.0,-0.061886048849455824,6180000.0
2016-06-30,49585000,-1327000,2016-07-26,0.06,0.05,43944924,7795000.0,2881000.0,-0.030196889178827572,4914000.0
2016-09-30,46863000,-2447000,2016-11-01,0.04,0.04,43752220,-1272000.0,2564000.0,-0.05592859059494581,-3836000.0
2016-12-31,51712000,-2133000,2017-02-08,0.06,0.05,43313644,23280000.0,1386000.0,-0.049245452541467075,21894000.0
2017-03-31,48912000,-4078000,2017-04-25,0.02,0.01,43225062,6304000.0,1882000.0,-0.094343415863695,4422000.0
2017-06-30,50956000,-4059000,2017-08-02,0.03,0.04,43821006,11364000.0,2475000.0,-0.09262681007368932,8889000.0
2017-09-30,53047000,-1477000,2017-11-01,0.04,0.03,43951325,5839000.0,1240000.0,-0.033605357745187435,4599000.0
2017-12-31,58454000,2121000,2018-02-07,0.09,0.07,45728792,7956000.0,1631000.0,0.04638215678209912,6325000.0
2018-03-31,54536000,-995000,2018-05-02,0.06,0.05,44325008,12164000.0,2089000.0,-0.022447824487702293,10075000.0
2018-06-30,57287000,1674000,2018-08-01,0.1,0.08,47396099,2559000.0,1187000.0,0.0353193624648307,1372000.0
2018-09-30,58764000,3113000,2018-11-07,0.15,0.11,48519880,8831000.0,1595000.0,0.06415926832465373,7236000.0
2018-12-31,63817000,7943000,2019-02-06,0.24,0.17,48279751,25697000.0,3998000.0,0.16452031825930502,21699000.0
2019-03-31,61397000,4368000,2019-05-01,0.18,0.13,46612325,23488000.0,1990000.0,0.09370912092456234,21498000.0
2019-06-30,60454000,3746000,2019-07-31,0.18,0.13,48722684,5143000.0,2382000.0,0.07688410597412901,2761000.0
2019-09-30,62859000,7121000,2019-11-06,0.25,0.17,48488313,20262000.0,1810000.0,0.14686013101755055,18452000.0
2019-12-31,67362000,7331000,2020-02-12,0.23,0.24,48304507,3959000.0,2002000.0,0.15176637658262407,1957000.0
2020-03-31,60012000,2574000,2020-05-06,0.14,0.15,48225688,20973000.0,2452000.0,0.05337404414012715,18521000.0
2020-06-30,58445000,673000,2020-07-29,0.13,0.12,47632309,17960000.0,2554000.0,0.014129065210758521,15406000.0
2020-09-30,62524000,3587000,2020-11-04,0.18,0.17,47673698,6800000.0,1629000.0,0.07524064946671433,5171000.0
2020-12-31,69046000,2802000,2021-02-10,0.21,0.22,47440556,16078000.0,2045000.0,0.05906338871745095,14033000.0
2021-03-31,66769000,3905000,2021-05-05,0.17,0.14,47607518,16170000.0,1333000.0,0.08202486002315852,14837000.0
2021-06-30,69667000,4532000,2021-07-28,0.19,0.15,47138142,8789000.0,1159000.0,0.09614294937632459,7630000.0
2021-09-30,73418000,4965000,2021-11-03,0.23,0.19,47620254,17879000.0,1458000.0,0.10426235861740679,16421000.0
2021-12-31,76642000,-5591000,2022-02-09,0.22,0.22,46004419,28934000.0,1653000.0,-0.12153180328176734,27281000.0
2022-03-31,73708000,3770000,2022-05-03,0.19,0.18,47122247,-10452000.0,32164000.0,0.08000467380089069,-42616000.0
2022-06-30,75114000,3152000,2022-08-08,0.18,0.2,45835440,31524000.0,2333000.0,0.06876774827513382,29191000.0
2022-09-30,70521000,-2964000,2022-11-02,0.15,0.16,44623247,1516000.0,2549000.0,-0.06642277734742162,-1033000.0
2022-12-31,74083000,-4124000,2023-02-08,0.17,0.17,44586590,9560000.0,1768000.0,-0.09249417818227408,7792000.0
2023-03-31,69041000,-3081000,2023-05-03,0.14,0.14,44053402,-1236000.0,1768000.0,-0.06993784498186996,-3004000.0
2023-06-30,65607000,-5808000,2023-08-02,0.1,0.14,43400635,4866000.0,1595000.0,-0.13382292678436616,3271000.0
2023-09-30,61612000,-6851000,2023-11-01,0.07,0.07,42261637,-9783000.0,1130000.0,-0.16210919610141936,-10913000.0
2023-12-31,65032000,-5850000,2024-02-07,0.13,0.12,41806042,2653000.0,936000.0,-0.13993192658611403,1717000.0
2024-03-31,65085000,-1222000,2024-05-08,0.16,0.13,41750203,21122000.0,1774000.0,-0.029269318762354283,19348000.0
2024-06-30,67276000,1664000,2024-07-31,0.2,0.16,43148129,23030000.0,1034000.0,0.03856482398112789,21996000.0
2024-09-30,69488000,3144000,2024-10-31,0.23,0.2,43573161,14708000.0,1412000.0,0.0721545081386223,13296000.0
2024-12-31,73031000,2452000,2025-02-12,0.27,0.24,43725803,12749000.0,1059000.0,0.05607672888248616,11690000.0
2025-03-31,72079000,4344000,2025-05-07,0.27,0.23,44192474,22442000.0,1112000.0,0.09829728021110563,21330000.0
2025-06-30,74215000,4222000,2025-07-30,0.28,0.26,44510896,14670078.0,2678188.0,0.0948531793204073,11991890.0
2025-09-30,75311000,5650000,2025-10-30,0.28,0.27,44951866,-2856867.0,2122912.0,0.1256899991648845,-4979779.0
