fiscalDateEnding,totalRevenue,netIncome,reportedDate,reportedEPS,estimatedEPS,commonStockSharesOutstanding,operatingCashflow,capitalExpenditures,eps_computed_simple,freeCashFlow
2005-09-30,762600000,170400000,2005-11-08,0.5,0.47,340800000,230100000,35300000,0.5,194800000
2005-12-31,771200000,151600000,2006-02-14,0.45,0.48,328900000,251000000,37000000,0.4609303739738522,214000000
2006-03-31,817300000,205700000,2006-05-04,0.49,0.48,337000000,267900000,177600000,0.6103857566765578,90300000
2006-06-30,853300000,249500000,2006-08-03,0.42,0.44,336000000,175900000,98000000,0.7425595238095238,77900000
2006-09-30,1025700000,309000000,2006-11-02,0.83,0.71,323000000,288400000,434200000,0.9566563467492261,-145800000
2006-12-31,1185700000,620800000,2007-02-14,1.25,1.19,312000000,504800000,166200000,1.9897435897435898,338600000
2007-03-31,1328000000,553000000,2007-05-02,1.77,1.45,212000000,654000000,465000000,2.608490566037736,189000000
2007-06-30,1434000000,549000000,2007-08-01,1.84,1.72,300000000,607000000,290000000,1.83,317000000
2007-09-30,1538000000,973000000,2007-10-31,2.12,2.06,300000000,897000000,305000000,3.243333333333333,592000000
2007-12-31,2077000000,1056000000,2008-02-20,3.4,2.54,290000000,915000000,320000000,3.6413793103448278,595000000
2008-03-31,3110000000,1189000000,2008-05-07,3.8,3.33,321000000,1482000000,769000000,3.70404984423676,713000000
2008-06-30,3102000000,1107000000,2008-08-06,3.45,3.23,321000000,1011000000,420000000,3.4485981308411215,591000000
2008-09-30,3192000000,1106000000,2008-11-05,3.44,3.49,321000000,1270000000,514000000,3.445482866043614,756000000
2008-12-31,3270000000,800000000,2009-02-17,3.69,3.7,319000000,1196000000,505000000,2.5078369905956115,691000000
2009-03-31,3118000000,942000000,2009-05-06,3.75,3.51,320000000,1441000000,708000000,2.94375,733000000
2009-06-30,2882000000,806000000,2009-08-05,2.79,3.03,321000000,1576000000,947000000,2.5109034267912773,629000000
2009-09-30,2823000000,710000000,2009-11-04,2.65,2.67,322000000,1406000000,540000000,2.2049689440993787,866000000
2009-12-31,2733000000,723000000,2010-02-24,2.21,2.56,321000000,1175000000,857000000,2.2523364485981308,318000000
2010-03-31,2602000000,677000000,2010-05-05,2.22,2.1,322000000,1172000000,379000000,2.1024844720496896,793000000
2010-06-30,2505000000,715000000,2010-08-04,1.67,1.68,320000000,1269000000,300000000,2.234375,969000000
2010-09-30,2281000000,368000000,2010-11-03,1.36,1.36,319000000,709000000,300000000,1.1536050156739812,409000000
2010-12-31,2160000000,-799000000,2011-02-23,0.68,0.89,319000000,796000000,428000000,-2.5047021943573666,368000000
2011-03-31,2144000000,310000000,2011-05-04,0.59,0.76,320000000,390000000,240000000,0.96875,150000000
2011-06-30,2334000000,155000000,2011-08-03,0.64,0.78,320000000,340000000,293000000,0.484375,47000000
2011-09-30,2242000000,-71000000,2011-11-02,0.07,0.79,320000000,492000000,137000000,-0.221875,355000000
2011-12-31,2422000000,-6119000000,2012-02-27,0.24,0.2,350000000,563000000,350000000,-17.482857142857142,213000000
2012-03-31,2331000000,42000000,2012-05-02,0.68,0.33,350000000,540000000,260000000,0.12,280000000
2012-06-30,2575000000,-304000000,2012-08-01,0.72,0.45,353000000,459000000,236000000,-0.8611898016997167,223000000
2012-09-30,2440000000,-381000000,2012-11-04,1.29,0.76,359000000,786000000,225000000,-1.0612813370473537,561000000
2012-12-31,2326000000,456000000,2013-03-01,0.91,0.82,360000000,923000000,688000000,1.2666666666666666,235000000
2013-03-31,2197000000,321000000,2013-05-08,0.93,1.0,360000000,106000000,488000000,0.8916666666666667,-382000000
2013-06-30,2397000000,307000000,2013-08-07,1.08,1.08,360000000,416000000,352000000,0.8527777777777777,64000000
2013-09-30,2558000000,546000000,2013-11-06,1.37,1.07,361000000,623000000,450000000,1.5124653739612188,173000000
2013-12-31,2332000000,233000000,2014-02-26,0.73,0.72,361000000,773000000,948000000,0.6454293628808865,-175000000
2014-03-31,2339000000,456000000,2014-05-07,1.43,1.02,361000000,136000000,1131000000,1.263157894736842,-995000000
2014-06-30,2328000000,587000000,2014-08-06,1.61,1.11,362000000,636000000,351000000,1.6215469613259668,285000000
2014-09-30,2270000000,-2217000000,2014-11-10,0.96,0.83,362000000,882000000,365000000,-6.124309392265193,517000000
2014-12-31,2237000000,-739000000,2015-02-25,0.95,0.77,362000000,566000000,318000000,-2.041436464088398,248000000
2015-03-31,2043000000,-483000000,2015-05-06,1.1,0.6,363000000,526000000,201000000,-1.3305785123966942,325000000
2015-06-30,1884000000,342000000,2015-08-05,1.11,0.5,363000000,1311000000,195000000,0.9421487603305785,1116000000
2015-09-30,1608000000,321000000,2015-11-04,0.87,0.71,364000000,648000000,940000000,0.8818681318681318,-292000000
2015-12-31,1851000000,611000000,2016-02-24,0.77,0.73,364000000,960000000,665000000,1.6785714285714286,295000000
2016-03-31,1341000000,249000000,2016-05-04,0.25,0.29,364000000,631000000,368000000,0.6840659340659341,263000000
2016-06-30,943000000,77000000,2016-08-03,0.17,-0.0124,365000000,207000000,458000000,0.21095890410958903,-251000000
2016-09-30,903000000,229000000,2016-11-02,0.25,0.14,365000000,440000000,246000000,0.6273972602739726,194000000
2016-12-31,974000000,223000000,2017-02-23,0.63,0.08,390000000,633000000,272000000,0.5717948717948718,361000000
2017-03-31,785000000,91000000,2017-05-03,0.01,-0.07,390000000,184000000,122000000,0.23333333333333334,62000000
2017-06-30,751000000,-1690000000,2017-08-02,0.01,-0.09,391000000,319000000,136000000,-4.32225063938619,183000000
2017-09-30,808000000,-1417000000,2017-11-01,0.16,-0.07,391000000,384000000,128000000,-3.6240409207161126,256000000
2017-12-31,629000000,-111000000,2018-02-20,-0.24,-0.28,438000000,257000000,111000000,-0.2534246575342466,146000000
2018-03-31,664000000,-210000000,2018-04-30,-0.48,-0.37,438000000,103000000,53000000,-0.4794520547945205,50000000
2018-06-30,790000000,-1135000000,2018-07-30,-0.04,-0.17,462000000,3000000,39000000,-2.4567099567099566,-36000000
2018-09-30,816000000,-409000000,2018-10-29,0.06,-0.1,463000000,214000000,48000000,-0.8833693304535637,166000000
2018-12-31,748000000,-242000000,2019-02-18,-0.34,-0.24,611000000,238000000,44000000,-0.3960720130932897,194000000
2019-03-31,754000000,-171000000,2019-04-29,-0.3,-0.32,611000000,-51000000,52000000,-0.27986906710310966,-103000000
2019-06-30,758000000,-208000000,2019-07-29,-0.34,-0.33,612000000,153000000,86000000,-0.33986928104575165,67000000
2019-09-30,784000000,-825000000,2019-10-28,-0.38,-0.41,613000000,91000000,121000000,-1.3458401305057097,-30000000
2019-12-31,792000000,-51000000,2020-02-17,-0.43,-0.3,614000000,147000000,128000000,-0.08306188925081433,19000000
2020-03-31,759000000,-392000000,2020-04-29,-0.3,-0.29,614000000,-48000000,107000000,-0.6384364820846905,-155000000
2020-06-30,930000000,-497000000,2020-07-29,-0.12,-0.28,615000000,87000000,46000000,-0.808130081300813,41000000
2020-09-30,773000000,359000000,2020-11-02,-0.11,-0.13,702000000,81000000,65000000,0.5113960113960114,16000000
2020-12-31,690000000,-37000000,2021-02-22,-0.34,-0.19,616000000,278000000,47000000,-0.060064935064935064,231000000
2021-03-31,653000000,-99000000,2021-05-03,-0.19,-0.18,617000000,96000000,59000000,-0.16045380875202594,37000000
2021-06-30,656000000,-103000000,2021-08-02,-0.18,-0.16,621000000,153000000,41000000,-0.16586151368760063,112000000
2021-09-30,626000000,-130000000,2021-11-01,-0.19,-0.15,653000000,141000000,37000000,-0.1990811638591118,104000000
2021-12-31,621000000,-260000000,2022-02-22,-0.19,-0.12,653000000,185000000,71000000,-0.3981623277182236,114000000
2022-03-31,586000000,-175000000,2022-05-02,-0.28,-0.24,664000000,-1000000,106000000,-0.2635542168674699,-107000000
2022-06-30,692000000,-68000000,2022-08-01,-0.1,-0.13,692000000,41000000,115000000,-0.09826589595375723,-74000000
2022-09-30,691000000,-28000000,2022-11-02,-0.06,-0.17,714000000,230000000,87000000,-0.0392156862745098,143000000
2022-12-31,606000000,-350000000,2023-02-21,-0.49,-0.21,721888427,178000000,409000000,-0.4848394667504484,-231000000
2023-03-31,649000000,-465000000,2023-05-01,-0.38,-0.22,728000000,-47000000,81000000,-0.6387362637362637,-128000000
2023-06-30,729000000,-165000000,2023-07-31,-0.15,-0.14,761000000,157000000,76000000,-0.21681997371879105,81000000
2023-09-30,713000000,-220000000,2023-10-30,-0.36,-0.23,774000000,-44000000,50000000,-0.2842377260981912,-94000000
2023-12-31,741000000,-104000000,2024-02-19,-0.09,-0.23,809030846,98000000,220000000,-0.12854886870407412,-122000000
2024-03-31,763000000,98000000,2024-04-29,-0.03,-0.14,955000000,-86000000,83000000,0.10261780104712041,-169000000
2024-06-30,861000000,-123000000,2024-07-31,-0.15,-0.1,824000000,133000000,84000000,-0.14927184466019416,49000000
2024-09-30,948000000,-494000000,2024-10-30,-0.5849,-0.04,954000000,194000000,58000000,-0.5178197064989518,136000000
2024-12-31,952000000,7000000,2025-02-17,-0.09,0.0029,939500000,206000000,29000000,0.007450771687067589,177000000
2025-03-31,906000000,-79000000,2025-04-28,-0.0736,-0.097,958000000,26000000,60000000,-0.0824634655532359,-34000000
2025-06-30,988000000,-938000000,2025-07-28,0.0214,0.0001,888000000,128000000,24000000,-1.0563063063063063,104000000
2025-09-30,1028000000,-1923000000,2025-10-29,0.06,0.05,911000000,246000000,11000000,-2.1108671789242592,235000000
