fiscalDateEnding,totalRevenue,netIncome,reportedDate,reportedEPS,estimatedEPS,commonStockSharesOutstanding,operatingCashflow,capitalExpenditures,eps_computed_simple,freeCashFlow
2005-09-30,42661000,6325000,2005-10-18,0.4,0.38,15813000,12367000,2943000,0.3999873521785872,9424000
2005-12-31,44895000,6218000,2006-01-17,0.4,0.4,15479000,12405000,714000,0.40170553653336777,11691000
2006-03-31,47250000,6501000,2006-04-18,0.41,0.4,15728000,8052000,987000,0.41333926754832145,7065000
2006-06-30,48630000,7043000,2006-07-18,0.45,0.4,15768000,3120000,1259000,0.44666412988330795,1861000
2006-09-30,51783000,6632000,2006-10-17,0.42,0.41,15790000,18100000,124000,0.42001266624445854,17976000
2006-12-31,52573000,6949000,2007-01-16,0.44,0.43,15471000,6036000,1136000,0.4491629500355504,4900000
2007-03-31,54387000,6962000,2007-04-17,0.44,0.42,15823000,18512000,2287000,0.439992416103141,16225000
2007-06-30,56408000,7087000,2007-07-25,0.41,0.43,17285000,1153000,1084000,0.41000867804454727,69000
2007-09-30,70082000,8297000,2007-10-16,0.39,0.33,21274000,33140000,1287000,0.39000658080285794,31853000
2007-12-31,69513000,8755000,2008-01-15,0.41,0.4,20693000,-9537000,467000,0.42308993379403664,-10004000
2008-03-31,67240000,8277000,2008-04-15,0.39,0.39,21223000,27002000,1901000,0.39000141356075957,25101000
2008-06-30,64255000,7985000,2008-07-15,0.38,0.38,21013000,1377000,793000,0.3800028553752439,584000
2008-09-30,63648000,7558000,2008-10-21,0.36,0.37,20994000,27213000,836000,0.36000762122511193,26377000
2008-12-31,59861000,232000,2009-01-20,0.01,0.33,21068000,7009000,536000,0.01101196126827416,6473000
2009-03-31,58672000,6006000,2009-04-21,0.28,0.21,21188000,-1301000,378000,0.28346233717198416,-1679000
2009-06-30,58133000,4256000,2009-07-21,0.2,0.21,21194000,18787000,348000,0.20081155043880344,18439000
2009-09-30,56567000,4225000,2009-10-20,0.2,0.2,21214000,44224000,113000,0.19916093146035638,44111000
2009-12-31,54750000,4031000,2010-01-19,0.19,0.19,21083000,-12005000,274000,0.19119669876203577,-12279000
2010-03-31,64324000,3607000,2010-04-20,0.17,0.18,21209000,32245000,373000,0.17006931019850063,31872000
2010-06-30,52725000,3796000,2010-07-20,0.18,0.2,21225000,14918000,992000,0.1788457008244994,13926000
2010-09-30,58671000,19551000,2010-10-19,0.81,0.19,24209000,15761000,650000,0.8075922177702507,15111000
2010-12-31,16159000,4721000,2011-01-18,0.19,0.19,25052000,37526000,9742000,0.1884480281015488,27784000
2011-03-31,56064000,7553000,2011-04-19,0.3,0.18,25172000,45499000,1276000,0.300055617352614,44223000
2011-06-30,56461000,5757000,2011-07-19,0.23,0.22,25183000,26649000,1471000,0.22860659969026725,25178000
2011-09-30,59806000,6532000,2011-10-18,0.26,0.25,25181000,32592000,1040000,0.2594019300266074,31552000
2011-12-31,54882000,5790000,2012-01-17,0.23,0.21,25079000,48391000,2546000,0.23087044937995932,45845000
2012-03-31,56892000,5974000,2012-04-24,0.27,0.23,25138000,62609000,3139000,0.23764818203516588,59470000
2012-06-30,56256000,6345000,2012-07-17,0.25,0.24,25149000,38691000,2873000,0.2522963139687463,35818000
2012-09-30,57209000,7037000,2012-10-16,0.28,0.25,25162000,33475000,7556000,0.2796677529608139,25919000
2012-12-31,57748000,7281000,2013-01-15,0.29,0.28,25259048,42935000,4020000,0.28825314398230684,38915000
2013-03-31,56280000,7571000,2013-04-23,0.3,0.28,25289000,41340000,2337000,0.29937917671714975,39003000
2013-06-30,57262000,8019000,2013-07-16,0.33,0.32,25374000,16635000,3571000,0.3160321589028139,13064000
2013-09-30,63573000,6637000,2013-10-15,0.24,0.31,27447000,66147000,2777000,0.24181149123765802,63370000
2013-12-31,75417000,11260000,2014-01-21,0.36,0.37,31617681,29164000,635000,0.3561298502568863,28529000
2014-03-31,74793000,13597000,2014-04-22,0.43,0.39,31724000,20260000,2293000,0.42860295044761065,17967000
2014-06-30,77748000,14853000,2014-07-15,0.47,0.44,31698000,39148000,3382000,0.4685784592087829,35766000
2014-09-30,78921000,15535000,2014-10-21,0.49,0.48,31719000,30449000,6819000,0.48976953876225604,23630000
2014-12-31,75567000,15597000,2015-01-20,0.49,0.49,31781734,34451000,9685000,0.49075358820887494,24766000
2015-03-31,76036000,15240000,2015-04-28,0.48,0.48,31816000,-62491000,5924000,0.47900427457882827,-68415000
2015-06-30,79648000,15394000,2015-07-21,0.48,0.51,31865000,30048000,5270000,0.48310058057429783,24778000
2015-09-30,106379000,16220000,2015-10-20,0.4,0.53,40518000,161613000,8170000,0.4003159089787255,153443000
2015-12-31,109120000,21160000,2016-01-19,0.52,0.55,40539000,123455000,5801000,0.5219665013937196,117654000
2016-03-31,109561000,21216000,2016-04-26,0.52,0.52,40559000,-40677000,2656000,0.5230898197687319,-43333000
2016-06-30,119594000,22900000,2016-07-19,0.55,0.52,42304000,34431000,2995000,0.5413199697428139,31436000
2016-09-30,121304000,23179000,2016-10-18,0.55,0.57,42310000,130984000,3307000,0.5478373906877807,127677000
2016-12-31,116094000,23635000,2017-01-17,0.59,0.56,42636000,39059000,4602000,0.5543437470682052,34457000
2017-03-31,113910000,23972000,2017-04-25,0.54,0.54,44480000,55134000,4441000,0.5389388489208633,50693000
2017-06-30,121844000,25284000,2017-07-18,0.57,0.57,44524000,-47441000,3227000,0.567873506423502,-50668000
2017-09-30,134108000,26421000,2017-10-17,0.53,0.61,49435000,44704000,4257000,0.534459391119652,40447000
2017-12-31,137028000,16511000,2018-01-16,0.63,0.62,49456000,149164000,1122000,0.3338523131672598,148042000
2018-03-31,134333000,33826000,2018-04-24,0.68,0.68,49503000,-61171000,4384000,0.6833121224976264,-65555000
2018-06-30,142155000,36710000,2018-07-17,0.74,0.74,49550000,-11952000,5929000,0.7408678102926337,-17881000
2018-09-30,155848000,31964000,2018-10-22,0.78,0.77,52610000,75091000,5286000,0.6075651016916936,69805000
2018-12-31,173479000,44420000,2019-01-22,0.78,0.78,58768000,75438000,6761000,0.7558535257282875,68677000
2019-03-31,172979000,45110000,2019-04-23,0.77,0.77,58731000,140107000,7242000,0.7680781869881323,132865000
2019-06-30,179822000,46625000,2019-07-22,0.82,0.82,58619000,-95295000,9249000,0.7953905730223989,-104544000
2019-09-30,172429000,37446000,2019-10-21,0.68,0.74,58192000,-14930000,7477000,0.643490514160022,-22407000
2019-12-31,170604000,38415000,2020-01-21,0.67,0.66,57392000,133741000,10998000,0.6693441594647338,122743000
2020-03-31,167743000,2008000,2020-04-28,0.2,0.55,56706289,-123000000,1941000,0.03541053444706988,-124941000
2020-06-30,188125000,20130000,2020-07-27,0.36,0.3,56325000,177913000,1915000,0.3573901464713715,175998000
2020-09-30,193006000,29992000,2020-10-27,0.53,0.51,56386000,-10868000,2968000,0.5319050828219771,-13836000
2020-12-31,182750000,31521000,2021-01-26,0.7,0.59,56489809,38197000,21446000,0.5579944517072097,16751000
2021-03-31,202799000,57908000,2021-04-27,0.85,0.67,56519199,-56788000,2630000,1.0245721989089052,-59418000
2021-06-30,168601000,40867000,2021-07-27,0.72,0.78,56635898,106368000,10323000,0.7215741507268059,96045000
2021-09-30,164768000,40063000,2021-10-28,0.71,0.66,56447184,40591000,3844000,0.7097431113658389,36747000
2021-12-31,159501000,37054000,2022-01-25,0.68,0.64,56105000,52488000,3719000,0.6604402459673826,48769000
2022-03-31,147649000,33547000,2022-04-26,0.6,0.58,56082000,205816000,2030000,0.5981776684141079,203786000
2022-06-30,160634000,39678000,2022-07-26,0.72,0.64,56183000,143890000,3835000,0.7062278625206914,140055000
2022-09-30,184319000,46567000,2022-10-25,0.79,0.77,56249000,113401000,4509000,0.8278724955110313,108892000
2022-12-31,198461000,46276000,2023-01-24,0.89,0.87,56335000,110938000,4464000,0.8214431525694507,106474000
2023-03-31,221338000,46078000,2023-04-25,0.82,0.81,56270000,-7382000,8237000,0.8188732894970677,-15619000
2023-06-30,214392000,28643000,2023-07-25,0.83,0.75,56396000,-24158000,4116000,0.5078906305411731,-28274000
2023-09-30,243877000,41833000,2023-10-24,0.75,0.69,56524000,79664000,4041000,0.7400927039841483,75623000
2023-12-31,230167000,28124000,2024-01-23,0.76,0.64,56611000,100429000,5240000,0.49679390931091133,95189000
2024-03-31,254504000,39409000,2024-04-23,0.65,0.63,56531000,65057000,3296000,0.6971219330986539,61761000
2024-06-30,258973000,38846000,2024-07-23,0.69,0.66,56685000,-49077000,3478000,0.685295933668519,-52555000
2024-09-30,264993000,72455000,2024-10-22,0.7,0.63,61632000,21351000,3634000,1.1756068276220146,17717000
2024-12-31,259562000,44747000,2025-01-28,0.73,0.61,64056000,92095000,3237000,0.6985606344448607,88858000
2025-03-31,256798000,41518000,2025-04-22,0.66,0.61,64028000,106152000,4817000,0.6484350596613981,101335000
2025-06-30,392232000,1018000,2025-07-22,0.69,0.73,64028000,-77291000,10179000,0.015899294058849253,-87470000
2025-09-30,397124000,59788000,2025-10-28,0.77,0.79,64028000,135470000,14996000,0.9337789716998813,120474000
