fiscalDateEnding,totalRevenue,netIncome,reportedDate,reportedEPS,estimatedEPS,commonStockSharesOutstanding,operatingCashflow,capitalExpenditures,eps_computed_simple,freeCashFlow
2005-10-31,1236892000,36325000,2005-11-15,0.0623,,582636000,124210000,43131000,0.06234595871178575,81079000
2006-01-31,1411488000,41248000,2006-03-15,0.1227,,578700000,110990000,36520000,0.0712770001728011,74470000
2006-04-30,1291676000,59217000,2006-05-17,0.1027,,576772000,105465000,18024000,0.10266968576837988,87441000
2006-07-31,1308052000,45377000,2006-08-16,0.0795,,570792000,63631000,128099000,0.0794983111185861,-64468000
2006-10-31,1362045000,43933000,2006-11-14,0.078,,563548000,161153000,34571000,0.07795786694301106,126582000
2007-01-31,1608437000,93107000,2007-03-21,0.165,,560700000,176618000,43261000,0.1660549313358302,133357000
2007-04-30,1410541000,67044000,2007-05-23,0.1201,,558304000,-66045000,47381000,0.1200851149194704,-113426000
2007-07-31,1444632000,50863000,2007-08-22,0.092,,553120000,73693000,59904000,0.09195653746022563,13789000
2007-10-31,1468337000,48682000,2007-11-20,0.0893,,544860000,124757000,69505000,0.08934772235069559,55252000
2008-01-31,1651702000,94462000,2008-03-19,0.175,,537800000,221154000,59331000,0.17564522127184828,161823000
2008-04-30,1556328000,79485000,2008-05-21,0.1491,,533256000,160835000,42278000,0.14905598811827714,118557000
2008-07-31,1640412000,71299000,2008-08-20,0.1346,,529732000,145721000,71194000,0.13459447418694737,74527000
2008-10-31,1555287000,57270000,2008-11-19,0.1092,,524396000,62277000,61996000,0.10921135935438105,281000
2009-01-31,1734112000,97387000,2009-03-19,0.19,,524400000,214606000,48950000,0.18571128909229595,165656000
2009-04-30,1691599000,91387000,2009-05-21,0.1805,,506256000,240732000,33914000,0.1805153914225214,206818000
2009-07-31,1768636000,103407000,2009-08-20,0.2057,,502632000,173236000,46817000,0.2057310318483503,126419000
2009-10-31,1744139000,105080000,2009-11-19,0.2108,,498592000,169914000,43444000,0.21075348180476222,126470000
2010-01-31,1979839000,142883000,2010-03-18,0.29,,493400000,304502000,34312000,0.28958856911228215,270190000
2010-04-30,1934778000,142347000,2010-05-20,0.2909,,489328000,189181000,35519000,0.2909030343654972,153662000
2010-07-31,1911760000,129276000,2010-08-19,0.2681,,482248000,115656000,52603000,0.2680695409830627,63053000
2010-10-31,1874320000,121378000,2010-11-18,0.255,,476072000,121924000,61537000,0.25495723335965986,60387000
2011-01-31,2145242000,161796000,2011-03-17,0.3425,,471800000,246305000,48992000,0.3429334463755829,197313000
2011-04-30,2074576000,172973000,2011-05-19,0.3703,,467092000,41051000,70096000,0.37031890933691863,-29045000
2011-07-31,2089410000,148276000,2011-08-18,0.3207,,462352000,120614000,75624000,0.3206993805585355,44990000
2011-10-31,2046427000,143969000,2011-11-17,0.3151,,456920000,252026000,85629000,0.315085791823514,166397000
2012-01-31,2397878000,191952000,2012-03-15,0.425,,453000000,406414000,184922000,0.42373509933774833,221492000
2012-04-30,2356841000,208613000,2012-05-17,0.4637,,449858000,297330000,57993000,0.4637307772674933,239337000
2012-07-31,2340855000,182024000,2012-08-16,0.407,,447210000,206833000,94112000,0.40702130989915253,112721000
2012-10-31,2262723000,159524000,2012-11-15,0.359,,444370000,142107000,103227000,0.3589891306793888,38880000
2013-01-31,2760646000,236602000,2013-03-21,0.535,,441016000,333374000,169102000,0.5364930070564333,164272000
2013-04-30,2539914000,234612000,2013-05-24,0.5369,,436992000,352859000,97552000,0.5368793936731108,255307000
2013-07-31,2551277000,213121000,2013-08-22,0.98,0.4,433226000,179469000,174138000,0.49193954194808254,5331000
2013-10-31,2398122000,171618000,2013-11-21,0.3995,0.36,429606000,148893000,151521000,0.39947766092652337,-2628000
2014-01-31,2741040000,217953000,2014-02-28,0.5112,,426362000,340782000,127304000,0.5111923670495964,213478000
2014-04-30,2680593000,243913000,2014-05-23,0.5766,,423030000,504577000,148700000,0.5765855849466941,355877000
2014-07-31,2729566000,239561000,2014-08-22,0.5713,,419306000,237214000,104650000,0.571327383819931,132564000
2014-10-31,2598820000,192720000,2014-11-21,0.4633,,415930000,240191000,298195000,0.46334719784579137,-58004000
2015-01-31,3032698000,248530000,2015-02-26,1.2,1.28,413462000,390883000,95146000,0.6010951429635614,295737000
2015-04-30,2938148000,282205000,2015-05-21,1.33,0.62,411386000,413988000,106928000,0.6859859110421842,307060000
2015-07-31,2968270000,258639000,2015-08-20,0.63,0.5,407693000,176383000,86180000,0.634396469892787,90203000
2015-10-31,2782855000,215656000,2015-11-19,0.66,0.43,404504000,171656000,92452000,0.5331368787453276,79204000
2016-01-31,3250726000,264161000,2016-03-01,0.66,0.73,401619000,564225000,81400000,0.6577402961513275,482825000
2016-04-30,3088995000,290634000,2016-05-19,0.73,0.56,398812000,469080000,79724000,0.7287493856754561,389356000
2016-07-31,3180917000,281906000,2016-08-18,0.71,0.75,395930000,310474000,67702000,0.7120096986841108,242772000
2016-10-31,3086687000,244546000,2016-11-17,0.62,0.5,393372000,249674000,73016000,0.6216660057146924,176658000
2017-01-31,3510158000,300568000,2017-02-28,0.77,0.8,391139000,529623000,77438000,0.7684429320522883,452185000
2017-04-30,3306429000,321018000,2017-05-18,0.82,0.73,389730000,520838000,75971000,0.8236933261488723,444867000
2017-07-31,3431603000,316539000,2017-08-17,0.82,0.67,385571000,277092000,93345000,0.8209616387124551,183747000
2017-10-31,3328894000,274449000,2017-11-16,0.72,0.56,382132000,367703000,97547000,0.7182047041336501,270156000
2018-01-31,4067806000,450747000,2018-02-03,0.98,0.93,379734000,515645000,104560000,1.1870072208440645,411085000
2018-04-30,3588619000,418252000,2018-05-24,1.11,1.07,377062000,472050000,79793000,1.1092393293410632,392257000
2018-07-31,3737926000,389404000,2018-08-23,1.04,1.01,373717000,542134000,98842000,1.041975612562447,443292000
2018-10-31,3549608000,338108000,2018-11-20,0.91,0.9,371061000,435888000,114731000,0.9111924993464686,321157000
2019-01-31,4107388000,441693000,2019-03-05,1.2,1.13,368365000,616605000,120532000,1.1990634289359738,496073000
2019-04-30,3796642000,421142000,2019-05-23,1.15,1.15,365912000,508987000,95629000,1.1509379304313605,413358000
2019-07-31,3979869000,412721000,2019-08-22,1.14,1.14,362074000,574476000,154685000,1.139880245474682,419791000
2019-10-31,3849117000,370932000,2019-11-21,1.03,1.03,359299000,327467000,150937000,1.0323769339742108,176530000
2020-01-31,4413445000,456133000,2020-03-03,1.28,1.28,356918000,760616000,154232000,1.277977014328221,606384000
2020-04-30,1842673000,-305842000,2020-05-21,-0.87,-0.87,352202000,-1058442000,139729000,-0.8683709916468391,-1198171000
2020-07-31,2684712000,22047000,2020-08-20,0.06,0.06,354232000,1230863000,110318000,0.06223887169990289,1120545000
2020-10-31,3754509000,131197000,2020-11-19,1.02,1.02,354457000,1610702000,89498000,0.3701351644910384,1521204000
2021-01-31,4249671000,237980000,2021-03-02,0.57,0.57,355163000,462810000,65888000,0.6700585365029578,396922000
2021-04-30,4516080000,476479000,2021-05-20,1.34,1.34,355367000,752820000,136937000,1.340808234867053,615883000
2021-07-31,4804974000,494258000,2021-08-19,1.39,1.39,354935000,592575000,117500000,1.3925310268077253,475075000
2021-10-31,4574541000,385030000,2021-11-18,1.09,1.09,353081000,158258000,123479000,1.0904863190032883,34779000
2022-01-31,5020649000,366822000,2022-03-01,1.04,1.04,351245000,235196000,179924000,1.044347962248573,55272000
2022-04-30,4333100000,338445000,2022-05-19,0.97,0.97,348820000,-416267000,109848000,0.9702568660053896,-526115000
2022-07-31,4583009000,384517000,2022-08-18,1.11,1.11,346106000,360002000,133498000,1.110980451075682,226504000
2022-10-31,4565489000,342036000,2022-11-17,1.0,0.81,343720000,528932000,174555000,0.995100663330618,354377000
2023-01-31,5214231000,447043000,2023-02-28,1.31,1.24,342045000,1216706000,236169000,1.3069713049452558,980537000
2023-04-30,4494686000,371191000,2023-05-18,1.09,1.06,340044000,413152000,167253000,1.0915969698039076,245899000
2023-07-31,4934905000,446319000,2023-08-17,1.32,1.16,337932000,703129000,196206000,1.3207361244273996,506923000
2023-10-31,4924849000,447327000,2023-11-16,1.33,1.22,336261000,449454000,176999000,1.3302970014363842,272455000
2024-01-31,6022501000,609683000,2024-03-05,1.82,1.65,335018000,948755000,222354000,1.8198514706672477,726401000
2024-04-30,4858067000,487990000,2024-05-23,1.46,1.35,333737000,368921000,136249000,1.4621992766759455,232672000
2024-07-31,5287519000,527148000,2024-08-22,1.59,1.5,331511000,592121000,197486000,1.5901372805125622,394635000
2024-10-31,5071354000,488808000,2024-11-21,1.48,1.4,329937000,513389000,180387000,1.481519199119832,333002000
2025-01-31,5912279000,586784000,2025-03-04,1.79,1.66,328519000,882557000,205982000,1.7861493551362326,676575000
2025-04-30,4984971000,479249000,2025-05-22,1.47,1.43,327005000,409715000,207378000,1.4655708628308435,202337000
2025-07-31,5529152000,507995000,2025-08-21,1.56,1.54,325909000,668362000,201727000,1.558701968954524,466635000
2025-10-31,5600946000,511935000,2025-11-20,1.58,1.4,325054000,827088000,209261000,1.5749229358814227,617827000
