fiscalDateEnding,totalRevenue,netIncome,reportedDate,reportedEPS,estimatedEPS,commonStockSharesOutstanding,operatingCashflow,capitalExpenditures,eps_computed_simple,freeCashFlow
2005-08-31,747352000,49961000,2005-10-06,0.47,0.48,127262000,32976000,8514000,0.3925838034920086,24462000
2005-11-30,739350000,18527000,2006-01-05,0.23,0.23,127542000,62586000,11862000,0.14526195292531088,50724000
2006-02-28,612475000,-2687000,2006-04-06,0.06,0.05,116881000,15827000,10818000,-0.02298919413762716,5009000
2006-05-31,909161000,-142006000,2006-07-24,0.58,0.54,117467000,74100000,29961000,-1.2089012233222949,44139000
2006-08-31,844161000,61342000,2006-10-04,0.49,0.51,128192000,23051000,11246000,0.4785166000998502,11805000
2006-11-30,809386000,52941000,2007-01-04,0.34,0.33,128674000,68335000,10957000,0.41143509955391144,57378000
2007-02-28,679494000,10052000,2007-04-05,0.07,0.07,120967000,42453000,11908000,0.08309704299519703,30545000
2007-05-31,1005723000,83955000,2007-07-23,0.65,0.6,119677000,68466000,36282000,0.7015132398038052,32184000
2007-08-31,930339000,68268000,2007-10-03,0.53,0.55,130026000,-3031000,5514000,0.5250334548474921,-8545000
2007-11-30,905708000,54855000,2008-01-08,0.42,0.37,130608000,107122000,11963000,0.41999724366041896,95159000
2008-02-29,731773000,12150000,2008-04-03,0.1,0.06,130223000,57689000,12348000,0.09330149052010782,45341000
2008-05-31,1075971000,-87564000,2008-07-21,0.75,0.69,124935000,72934000,42015000,-0.7008764557569936,30919000
2008-08-31,985465000,69517000,2008-10-09,0.54,0.54,129426000,-12330000,12199000,0.5371177352309427,-24529000
2008-11-30,889965000,41726000,2009-01-08,0.33,0.35,127601000,116378000,12688000,0.327003706867501,103690000
2009-02-28,635396000,-30933000,2009-04-08,-0.24,-0.05,126575000,30539000,12137000,-0.2443847521232471,18402000
2009-05-31,857341000,39306000,2009-07-27,0.43,0.45,126774000,132408000,17962000,0.3100478015996971,114446000
2009-08-31,915953000,73025000,2009-10-05,0.57,0.44,127098000,52136000,3262000,0.5745566413318857,48874000
2009-11-30,858658000,55893000,2010-01-06,0.43,0.34,129164000,132558000,5025000,0.4327289337586324,127533000
2010-02-28,666594000,-9400000,2010-04-08,-0.07,-0.06,127500000,4179000,5782000,-0.07372549019607844,-1603000
2010-05-31,971511000,60519000,2010-07-26,0.53,0.51,127787000,15063000,9172000,0.47359277547794376,5891000
2010-08-31,894810000,68996000,2010-10-06,0.53,0.51,128254000,41123000,3255000,0.5379637282267999,37868000
2010-11-30,826343000,48791000,2011-01-06,0.38,0.35,127670000,141991000,12078000,0.38216495652855015,129913000
2011-02-28,678920000,1097000,2011-04-07,0.01,-0.05,129442000,7870000,6404000,0.00847483815145007,1466000
2011-05-31,981768000,70174000,2011-07-25,0.54,0.53,128094000,47182000,18089000,0.5478320608303278,29093000
2011-08-31,985918000,76811000,2011-10-05,0.59,0.58,128628000,7476000,4913000,0.5971561401872065,2563000
2011-11-30,916085000,49931000,2012-01-05,0.37,0.39,128432000,102554000,13440000,0.38877382583779746,89114000
2012-02-29,773643000,6625000,2012-04-05,0.05,0.01,130377000,43424000,16085000,0.05081417734723149,27339000
2012-05-31,1101770000,82569000,2012-07-23,0.63,0.61,129005000,141418000,37177000,0.6400449594976939,104241000
2012-08-31,1046714000,33913000,2012-10-03,0.64,0.64,129570000,17734000,12702000,0.2617349695145481,5032000
2012-11-30,1017426000,41668000,2013-01-08,0.4,0.42,129700000,109887000,18147000,0.3212644564379337,91740000
2013-02-28,843736000,-42356000,2013-04-04,0.07,0.06,129013000,43241000,14802000,-0.32830799996899535,28439000
2013-05-31,1170779000,65378000,2013-07-22,0.72,0.67,129344000,197592000,45716000,0.505458312716477,151876000
2013-08-31,1164674000,103098000,2013-10-09,0.77,0.71,130294000,-129462000,10696000,0.7912720462953013,-140158000
2013-11-30,1071487000,63562000,2014-01-08,0.48,0.45,130418000,151294000,23907000,0.48737137511693174,127387000
2014-02-28,863410000,16221000,2014-04-03,0.12,0.09,129453000,4071000,19674000,0.1253041644457834,-15603000
2014-05-31,1276782000,108779000,2014-07-28,0.8,0.78,134423000,252246000,39515000,0.8092290753814452,212731000
2014-08-31,1203896000,99079000,2014-10-06,0.76,0.79,135032000,-125233000,12050000,0.7337445938740447,-137283000
2014-11-30,1071128000,69766000,2015-01-07,0.53,0.55,134966000,180489000,14448000,0.5169153712786924,166041000
2015-02-28,946367000,26156000,2015-04-08,0.2,0.13,129795000,-31141000,20795000,0.201517778034593,-51936000
2015-05-31,1373159000,127987000,2015-07-27,0.94,0.83,130045000,306333000,38070000,0.9841747087546618,268263000
2015-08-31,1242526000,99815000,2015-10-07,0.82,0.81,137307000,6595000,12035000,0.7269476428732694,-5440000
2015-11-30,1155984000,83433000,2016-01-06,0.62,0.57,136734000,160478000,19260000,0.6101847382509106,141218000
2016-02-29,988555000,18582000,2016-04-06,0.14,0.15,129068000,56746000,23524000,0.1439706201382217,33222000
2016-05-31,1426584000,152895000,2016-07-28,1.13,1.01,136408000,250887000,62364000,1.1208653451410475,188523000
2016-08-31,1252063000,112769000,2016-10-05,0.83,0.8,135241000,6500000,16957000,0.8338373718029296,-10457000
2016-11-30,1190770000,-70926000,2017-01-05,0.52,0.61,130695000,152232000,31092000,-0.542683346723287,121140000
2017-02-28,1022496000,11928000,2017-04-06,0.14,0.11,130677000,14747000,32061000,0.09127849583323767,-17314000
2017-05-31,1492846000,128052000,2017-07-24,1.02,1.18,135162000,212648000,45999000,0.9473964575842323,166649000
2017-08-31,1345394000,116416000,2017-10-04,0.86,0.84,135720000,-26089000,17533000,0.8577659888004716,-43622000
2017-11-30,1315416000,95463000,2018-01-04,0.61,0.59,135592000,141275000,27762000,0.7040459614136527,113513000
2018-02-28,1102677000,40227000,2018-04-05,0.29,0.18,131178000,25562000,27474000,0.30665965329552214,-1912000
2018-05-31,1558156000,85664000,2018-07-19,1.05,1.18,137158000,249635000,41850000,0.6245643710173668,207785000
2018-08-31,1459989000,69764000,2018-10-03,0.76,0.88,136430000,-7129000,28295000,0.5113538078135308,-35424000
2018-11-30,1362531000,49224000,2019-01-04,0.52,0.67,131667000,155418000,29480000,0.3738522180956504,125938000
2019-02-28,1140630000,14190000,2019-04-04,0.14,0.11,131889000,-2784000,26716000,0.10759047380751996,-29500000
2019-05-31,1601401000,133380000,2019-07-22,1.24,1.14,131175000,147436000,52266000,1.0168096054888507,95170000
2019-08-31,1472764000,106188000,2019-10-02,0.95,0.92,129504000,145139000,36602000,0.8199592290585619,108537000
2019-11-30,1401292000,77030000,2020-01-08,0.76,0.73,129079000,155024000,34791000,0.5967663214000728,120233000
2020-02-29,1173976000,11853000,2020-04-08,0.23,0.21,130028000,81014000,34037000,0.0911572891992494,46977000
2020-05-31,1458962000,109313000,2020-07-27,1.13,1.01,129623000,168742000,42326000,0.8433148438162981,126416000
2020-08-31,1606670000,180595000,2020-10-07,1.44,1.19,128783000,318089000,41488000,1.402320182011601,276601000
2020-11-30,1485915000,127659000,2021-01-06,1.06,1.0,129090000,261414000,29455000,0.9889147106669766,231959000
2021-02-28,1269395000,38242000,2021-04-07,0.38,0.29,129949000,72403000,32283000,0.29428468091328136,40120000
2021-05-31,1744307000,156147000,2021-07-26,1.28,1.28,129728000,114250000,53973000,1.2036491736556487,60277000
2021-08-31,1650420000,134582000,2021-10-06,1.08,1.03,128570000,76107000,51888000,1.0467605195613285,24219000
2021-11-30,1639538000,124875000,2022-01-05,0.79,0.83,128494000,83248000,49528000,0.9718352607903871,33720000
2022-02-28,1433879000,33019000,2022-04-06,0.38,0.3,129702000,-3404000,50985000,0.2545758739263851,-54389000
2022-05-31,1983890000,199005000,2022-07-25,1.42,1.44,129454000,22780000,70002000,1.537264201955907,-47222000
2022-08-31,1932320000,169013000,2022-10-05,1.47,1.33,128161000,23555000,57818000,1.3187553155796226,-34263000
2022-11-30,1791708000,131344000,2023-01-05,1.1,1.1,128911000,167360000,55645000,1.0188734863588056,111715000
2023-02-28,1516176000,26974000,2023-04-06,0.37,0.31,128035000,72093000,66262000,0.21067676807123054,5831000
2023-05-31,2016210000,151360000,2023-07-26,1.36,1.3,128720000,314097000,74710000,1.175885643256681,239387000
2023-08-31,2011857000,201082000,2023-10-04,1.64,1.55,128770999,359210000,52201000,1.561547254906363,307009000
2023-11-30,1792275000,145505000,2024-01-04,1.22,1.22,128249000,408571000,37099000,1.1345507567310467,371472000
2024-02-29,1522982000,61199000,2024-04-04,0.52,0.46,128334000,173364000,48793000,0.47687284741377967,124571000
2024-05-31,2008163000,180611000,2024-07-25,1.56,1.55,128330999,181160000,75877000,1.4073840413258218,105283000
2024-08-31,1968789000,227692000,2024-10-02,1.84,1.75,128420000,248059000,50742000,1.773026008409905,197317000
2024-11-30,1845318000,183204000,2025-01-02,1.39,1.34,128344000,279449000,49990000,1.427444991585115,229459000
2025-02-28,1476562000,52034000,2025-04-02,0.35,0.4955,128154000,91504000,58192000,0.4060271236168984,33312000
2025-05-31,2081975000,225758000,2025-07-24,1.72,1.59,127877000,149178000,71006000,1.7654308437013693,78172000
2025-08-31,2113743000,227605000,2025-09-30,1.88,1.88,127950000,237510000,62461000,1.7788589292692458,175049000
