fiscalDateEnding,totalRevenue,netIncome,reportedDate,reportedEPS,estimatedEPS,commonStockSharesOutstanding,operatingCashflow,capitalExpenditures,eps_computed_simple,freeCashFlow
2005-09-30,871469000,49437000,2005-10-20,0.75,0.63,66332166,81867000,13254000,0.7452945227206963,68613000
2005-12-31,869640000,60588000,2006-02-16,0.91,0.89,66279524,107051000,19426000,0.914128472014977,87625000
2006-03-31,989264000,71855000,2006-04-20,1.07,1.0,67196664,41039000,26109000,1.0693239176278155,14930000
2006-06-30,1559598000,100505000,2006-07-20,1.33,1.17,75874992,-118206000,33585000,1.324612989745027,-151791000
2006-09-30,1628195000,107505000,2006-10-19,1.41,1.36,76016596,88696000,25026000,1.414230650370085,63670000
2006-12-31,1571319000,74642000,2007-02-15,0.98,1.22,75862219,179435000,24022000,0.9839153268110968,155413000
2007-03-31,1842264000,111696000,2007-04-19,1.46,1.32,76452752,70769000,24730000,1.460980763648639,46039000
2007-06-30,1898369000,122784000,2007-07-19,1.59,1.57,77181651,99470000,33915000,1.59084443529201,65555000
2007-09-30,1812092000,93565000,2007-10-18,1.22,1.34,76476928,214448000,29705000,1.2234408787968052,184743000
2007-12-31,1715592000,79910000,2008-02-21,1.06,1.02,72857477,254277000,35777000,1.0967988913478297,218500000
2008-03-31,1908170000,107395000,2008-04-17,1.46,1.38,73548014,107196000,35973000,1.4602025827645053,71223000
2008-06-30,2095068000,156596000,2008-07-17,2.12,2.1,73757864,21185000,52332000,2.123109205006262,-31147000
2008-09-30,2572836000,152498000,2008-10-16,2.07,1.95,73775991,-12994000,31241000,2.067041024226974,-44235000
2008-12-31,2142770000,66288000,2009-02-19,0.9,0.61,73317140,549297000,32344000,0.9041269203899661,516953000
2009-03-31,1558535000,20118000,2009-04-23,0.27,0.49,73323713,314533000,15172000,0.27437235754823275,299361000
2009-06-30,1242978000,-5787000,2009-07-23,-0.08,0.2,73376023,366726000,25617000,-0.07886772495151448,341109000
2009-09-30,1243373000,41757000,2009-10-22,0.57,0.46,73784086,125945000,14255000,0.5659350445840042,111690000
2009-12-31,1273246000,92070000,2010-02-18,1.05,1.02,73862445,135792000,14857000,1.2465062590332612,120935000
2010-03-31,1454075000,44700000,2010-04-22,0.6,0.64,74184403,-54265000,23051000,0.6025525338527021,-77316000
2010-06-30,1620585000,61500000,2010-07-22,0.83,0.82,74517743,18814000,16329000,0.8253067997510338,2485000
2010-09-30,1653798000,48700000,2010-10-21,0.65,0.72,74400359,83136000,26404000,0.6545667340126679,56732000
2010-12-31,1584337000,39454000,2011-02-17,0.53,0.45,74435484,166402000,45572000,0.5300429026564804,120830000
2011-03-31,1912700000,92300000,2011-04-28,1.23,1.07,75040650,-101400000,35800000,1.2300000066630552,-137200000
2011-06-30,2049500000,98700000,2011-07-28,1.31,1.31,75150798,15900000,30500000,1.313359307242486,-14600000
2011-09-30,2138600000,84900000,2011-10-27,1.13,1.11,75132743,102800000,46400000,1.1300000054570083,56400000
2011-12-31,2033900000,67900000,2012-02-16,0.91,0.78,74967742,217500000,43700000,0.9057228907868133,173800000
2012-03-31,2288300000,116200000,2012-04-26,1.54,1.5,75426552,-63200000,34600000,1.5405715483322107,-97800000
2012-06-30,2209700000,108800000,2012-07-26,1.44,1.42,75511249,84400000,52200000,1.4408449262970078,32200000
2012-09-30,2055300000,98100000,2012-10-25,1.3,1.19,75710040,247600000,50600000,1.2957330361996904,197000000
2012-12-31,1889000000,80400000,2013-02-21,1.06,0.97,76124260,333100000,76600000,1.0561679023218091,256500000
2013-03-31,2025300000,83700000,2013-04-25,1.09,1.15,77080703,72200000,26800000,1.085874891410889,45400000
2013-06-30,2448300000,81000000,2013-07-25,1.14,1.18,77469117,211700000,47500000,1.0455779430143757,164200000
2013-09-30,2443500000,95100000,2013-10-24,1.22,1.2,77857506,229100000,44400000,1.221462192739644,184700000
2013-12-31,2306700000,61800000,2014-02-20,0.92,0.98,78163911,120300000,49300000,0.7906462101160726,71000000
2014-03-31,2553000000,87200000,2014-04-24,1.19,1.24,78357832,68800000,28900000,1.1128434487569794,39900000
2014-06-30,2616800000,96500000,2014-07-24,1.3,1.41,78777752,40700000,58000000,1.2249651399039667,-17300000
2014-09-30,2705100000,95500000,2014-10-23,1.33,1.35,78884181,53300000,47500000,1.210635627946749,5800000
2014-12-31,2576700000,92300000,2015-02-19,1.01,1.06,78440744,193200000,56000000,1.1766844026874606,137200000
2015-03-31,2614400000,101300000,2015-04-23,1.3,1.02,77832320,171400000,31300000,1.301515874125299,140100000
2015-06-30,2423700000,90200000,2015-07-23,1.21,1.12,75094062,292500000,45800000,1.201160219565696,246700000
2015-09-30,2286200000,51400000,2015-10-22,1.16,1.01,74136193,252400000,42300000,0.6933185792262088,210100000
2015-12-31,2026200000,68600000,2016-02-18,0.87,0.82,72614482,308700000,52800000,0.9447151327196688,255900000
2016-03-31,2162700000,92200000,2016-04-21,1.03,0.88,72708349,155400000,34400000,1.2680799559896485,121000000
2016-06-30,2203900000,100900000,2016-07-21,1.36,1.3,73112808,49800000,37300000,1.3800591546148795,12500000
2016-09-30,2185200000,49500000,2016-10-20,1.25,1.32,73280797,182400000,38900000,0.6754839197504907,143500000
2016-12-31,2061600000,61700000,2017-02-16,0.84,0.74,73338628,238900000,44300000,0.8413028942946683,194600000
2017-03-31,2419300000,111700000,2017-04-27,1.52,1.39,73415365,-20700000,34100000,1.5214798700517256,-54800000
2017-06-30,2475200000,103000000,2017-07-27,1.4,1.37,73500701,35900000,38700000,1.4013471789881295,-2800000
2017-09-30,2450100000,97300000,2017-10-26,1.3,1.19,73617479,183100000,45300000,1.3216969844892406,137800000
2017-12-31,2376400000,301400000,2018-02-15,1.22,1.0,73624388,200700000,43500000,4.093752195264428,157200000
2018-03-31,2757100000,169000000,2018-04-26,2.3,2.01,73450365,13300000,41800000,2.3008735218674543,-28500000
2018-06-30,2988900000,230800000,2018-07-26,3.1,2.75,72987798,83700000,56800000,3.1621723948981173,26900000
2018-09-30,2974500000,148300000,2018-10-25,2.42,2.69,72981230,136300000,54000000,2.0320293313773967,82300000
2018-12-31,2814000000,85600000,2019-02-21,1.08,1.72,70380000,431300000,87300000,1.2162546177891447,344000000
2019-03-31,2956600000,190100000,2019-04-25,2.8,2.37,67926000,117200000,53000000,2.798633807378618,64200000
2019-06-30,2883500000,183100000,2019-07-25,2.71,2.58,67977000,346000000,70900000,2.6935581152448624,275100000
2019-09-30,2685900000,162700000,2019-10-24,2.39,1.95,67704000,490900000,58900000,2.403107645043129,432000000
2019-12-31,2447800000,165600000,2020-02-20,2.44,1.73,67818000,347400000,59400000,2.441829602760329,288000000
2020-03-31,2572900000,61700000,2020-04-23,2.45,2.1,67248000,170800000,55500000,0.9174994051867713,115300000
2020-06-30,2019300000,80200000,2020-07-23,1.36,0.4,64582000,475700000,41000000,1.2418320894366852,434700000
2020-09-30,2085600000,97600000,2020-10-22,1.87,1.6,64688000,296300000,38200000,1.5087806084590651,258100000
2020-12-31,2134100000,129600000,2021-02-18,2.01,2.02,64548000,230200000,37300000,2.007808142777468,192900000
2021-03-31,2838400000,266900000,2021-04-22,4.1,3.52,64711000,161800000,43700000,4.124491971998578,118100000
2021-06-30,3418800000,329100000,2021-07-22,5.06,4.89,64793000,101600000,80100000,5.079252388375288,21500000
2021-09-30,3847400000,395700000,2021-10-28,6.15,5.95,64350000,142200000,55100000,6.1491841491841495,87100000
2021-12-31,3988700000,421300000,2022-02-17,6.64,5.22,63468000,393800000,57700000,6.637990798512636,336100000
2022-03-31,4485800000,523300000,2022-04-28,8.42,7.14,62784000,404000000,66700000,8.334926095820592,337300000
2022-06-30,4681200000,572800000,2022-07-28,9.15,9.01,62594000,270200000,87500000,9.15103684059175,182700000
2022-09-30,4247200000,393500000,2022-10-27,6.48,6.19,60984000,635700000,95500000,6.452512134330316,540200000
2022-12-31,3610800000,350500000,2023-02-16,5.87,4.47,59657000,808700000,92100000,5.8752535326952415,716600000
2023-03-31,3965300000,383100000,2023-04-27,6.37,5.76,59534000,384600000,102900000,6.434978331709611,281700000
2023-06-30,3880300000,385100000,2023-07-27,6.49,6.55,59346000,295100000,130200000,6.489064132376234,164900000
2023-09-30,3623000000,295000000,2023-10-26,4.99,5.0,59124000,466000000,125500000,4.989513564711454,340500000
2023-12-31,3337300000,272700000,2024-02-15,4.73,3.92,58071000,525600000,110200000,4.695975616056207,415400000
2024-03-31,3644800000,302900000,2024-04-25,5.3,5.53,57882000,126300000,108700000,5.233060364189212,17600000
2024-06-30,3643300000,267800000,2024-07-25,4.65,4.73,57394000,366300000,98200000,4.665992960936683,268100000
2024-09-30,3420300000,199200000,2024-10-24,3.64,3.66,55182000,463900000,112800000,3.609872784603675,351100000
2024-12-31,3126600000,105300000,2025-02-13,2.22,2.725,54555000,473300000,110900000,1.930162221611218,362400000
2025-03-31,3484700000,199700000,2025-04-23,3.77,3.7375,53399000,64500000,86900000,3.7397704076855374,-22400000
2025-06-30,3659800000,233700000,2025-07-23,4.43,4.64,53160000,229000000,87600000,4.3961625282167045,141400000
2025-09-30,3651200000,189500000,2025-10-22,3.64,3.68,52817000,261800000,81200000,3.5878599693280573,180600000
