fiscalDateEnding,totalRevenue,netIncome,reportedDate,reportedEPS,estimatedEPS,commonStockSharesOutstanding,operatingCashflow,capitalExpenditures,eps_computed_simple,freeCashFlow
2022-03-31,,,2022-04-21,0.0,0.0,,130550000,33950000,,96600000
2022-09-30,,,2022-11-01,0.0,0.0,,169450000,42550000,,126900000
2022-12-31,739150000.0,65800000.0,2023-03-16,0.657,0.66,373260000.0,140800000,39975000,0.17628462733751274,100825000
2023-03-31,2141900000.0,107800000.0,2023-04-20,0.0,0.0,443277305.0,342500000,106900000,0.2431886288426158,235600000
2023-06-30,2671000000.0,185000000.0,2023-07-27,0.7208,0.72,505400000.0,332000000,102000000,0.3660466956865849,230000000
2023-12-31,2704000000.0,196000000.0,2024-03-07,0.7424,0.7402,505400000.0,409000000,109000000,0.3878116343490305,300000000
2024-06-30,2706000000.0,196000000.0,2024-07-25,0.0,0.0,506000000.0,307000000,84000000,0.38735177865612647,223000000
2024-12-31,2730000000.0,111000000.0,2025-03-26,0.04,0.0,505200000.0,371000000,87000000,0.21971496437054633,284000000
2025-06-30,3364000000.0,188000000.0,2025-07-31,0.06,,506200000.0,469000000,108000000,0.37139470564994076,361000000
