fiscalDateEnding,totalRevenue,netIncome,reportedDate,reportedEPS,estimatedEPS,commonStockSharesOutstanding,operatingCashflow,capitalExpenditures,eps_computed_simple,freeCashFlow
2005-09-30,63210000,4187000,2005-11-02,0.29,0.2,14437000,7555000,3969000,0.29001870194638774,3586000
2005-12-31,64752000,2266000,2006-03-07,0.16,0.13,14324000,7241000,3023000,0.1581960346271991,4218000
2006-03-31,56888000,1821000,2006-05-10,0.13,0.28,14293000,18074000,907000,0.1274050234380466,17167000
2006-06-30,79333000,7986000,2006-08-08,0.56,0.38,14346000,-8853000,2366000,0.5566708490171476,-11219000
2006-09-30,75867000,5908000,2006-11-07,0.41,0.33,14351000,14204000,4431000,0.41167862866699184,9773000
2006-12-31,73343000,2477000,2007-03-13,0.17,0.17,14510000,5552000,1352000,0.17070985527222604,4200000
2007-03-31,72448000,5768000,2007-05-08,0.4,0.23,14595000,-2131000,2538000,0.39520383693045563,-4669000
2007-06-30,92868000,6791000,2007-08-07,0.6,0.58,14680000,15515000,6007000,0.46260217983651225,9508000
2007-09-30,84144000,3177000,2007-11-06,0.39,0.42,14789000,10341000,10073000,0.21482182703360606,268000
2007-12-31,92187000,6755000,2008-03-11,0.46,0.35,14732000,30069000,6989000,0.4585256584306272,23080000
2008-03-31,76123000,-3739000,2008-05-06,0.35,0.38,13853000,10016000,6271000,-0.2699054356457085,3745000
2008-06-30,117372000,8525000,2008-08-05,0.79,0.59,14308000,10959000,65257000,0.5958205199888175,-54298000
2008-09-30,101128000,-295000,2008-11-04,0.14,0.28,13934000,6196000,26189000,-0.02117123582603703,-19993000
2008-12-31,103777000,3597000,2009-03-10,0.33,0.37,14365000,12671000,14200000,0.2504002784545771,-1529000
2009-03-31,81073000,1366000,2009-05-06,0.1,-0.1,14305000,124000,5177000,0.09549108703250611,-5053000
2009-06-30,118070000,11918000,2009-08-04,0.83,0.62,14326000,31591000,5033000,0.8319140025129136,26558000
2009-09-30,108722000,10374000,2009-11-05,0.72,0.39,14334000,16833000,1690000,0.7237337798241942,15143000
2009-12-31,107188000,7460000,2010-03-09,0.52,0.58,14458000,17017000,5097000,0.515977313598008,11920000
2010-03-31,94030000,6260000,2010-05-05,0.44,0.24,14373000,-3564000,2076000,0.43553885758018507,-5640000
2010-06-30,129563000,16270000,2010-08-03,1.13,1.1,14390000,30724000,2138000,1.1306462821403753,28586000
2010-09-30,124467000,15446000,2010-11-04,1.09,0.87,14197000,26364000,5810000,1.0879763330281045,20554000
2010-12-31,115738000,12166000,2011-03-08,0.87,0.9,13952000,14306000,3584000,0.8719896788990825,10722000
2011-03-31,102176000,3959000,2011-05-04,0.28,0.45,14007000,-2314000,2248000,0.28264439208966946,-4562000
2011-06-30,133957000,28019000,2011-08-02,1.09,1.19,13947000,44748000,3774000,2.00896250089625,40974000
2011-09-30,134813000,16296000,2011-11-01,1.19,1.1,13650000,15489000,6268000,1.1938461538461538,9221000
2011-12-31,142054000,17785000,2012-02-22,1.2,1.12,13360000,14837000,7309000,1.3312125748502994,7528000
2012-03-31,113271000,7493000,2012-05-02,0.56,0.41,13449000,1753000,13518000,0.557141794928991,-11765000
2012-06-30,147503000,14351000,2012-08-01,1.19,1.27,13437000,21539000,18281000,1.0680211356701645,3258000
2012-09-30,166448000,20750000,2012-11-01,1.53,1.35,13452000,41499000,17715000,1.5425215581326197,23784000
2012-12-31,153000000,16873000,2013-02-20,1.27,1.25,13432000,30539000,16496000,1.25617927337701,14043000
2013-03-31,135932000,6912000,2013-05-01,0.45,0.62,13505000,-12831000,21177000,0.5118104405775639,-34008000
2013-06-30,181332000,19715000,2013-07-31,1.45,1.34,13462000,30819000,24386000,1.464492645966424,6433000
2013-09-30,216414000,25686000,2013-10-30,1.96,1.84,13498000,48891000,27538000,1.9029485849755519,21353000
2013-12-31,205375000,18079000,2014-02-25,1.33,1.51,13550000,33103000,27554000,1.3342435424354244,5549000
2014-03-31,183845000,8315000,2014-04-30,0.62,0.69,13435000,-8810000,44170000,0.6189058429475252,-52980000
2014-06-30,231611000,25428000,2014-07-30,1.88,1.79,13486000,47130000,44281000,1.8855109001927925,2849000
2014-09-30,269734000,37926000,2014-10-30,2.79,2.32,13495000,64244000,39841000,2.8103742126713596,24403000
2014-12-31,217817000,19074000,2015-02-24,1.4,1.37,13520000,38647000,23492000,1.4107988165680474,15155000
2015-03-31,199503000,13743000,2015-04-29,1.0,0.68,13633000,21225000,18788000,1.0080686569353774,2437000
2015-06-30,252204000,29932000,2015-07-30,2.18,1.92,13667000,57129000,20192000,2.1900929245628156,36937000
2015-09-30,293094000,38624000,2015-10-29,2.85,2.69,13507000,64119000,16726000,2.8595543051750942,47393000
2015-12-31,215133000,16115000,2016-02-18,1.21,1.13,13275000,26210000,18481000,1.2139359698681733,7729000
2016-03-31,188827000,7032000,2016-04-21,0.53,0.96,13088000,6267000,13011000,0.5372860635696821,-6744000
2016-06-30,244816000,26621000,2016-07-21,2.06,1.94,12830000,42052000,12943000,2.0749025720966485,29109000
2016-09-30,253433000,31530000,2016-10-20,2.48,2.57,12641000,60043000,11154000,2.494264694248873,48889000
2016-12-31,219370000,22166000,2017-02-22,1.75,1.22,12638000,45827000,12805000,1.7539167589808513,33022000
2017-03-31,161695000,5711000,2017-04-26,0.45,0.25,12516000,-5040000,6981000,0.45629594119527006,-12021000
2017-06-30,247930000,29125000,2017-07-27,2.35,1.41,12257000,66082000,9740000,2.376193195724892,56342000
2017-09-30,247047000,33683000,2017-10-26,2.78,1.99,12037000,47196000,6694000,2.7982886101188003,40502000
2017-12-31,206320000,30530000,2018-02-21,0.85,0.9,11823000,27744000,9572000,2.58225492683752,18172000
2018-03-31,190457000,9310000,2018-04-25,0.55,0.3,11831000,-10415000,11477000,0.7869157298622264,-21892000
2018-06-30,273100000,23535000,2018-07-26,1.98,2.81,11787000,64156000,13993000,1.996691270043268,50163000
2018-09-30,306870000,38007000,2018-10-25,3.21,3.35,11702000,54314000,13282000,3.2479063407964452,41032000
2018-12-31,225222000,21811000,2019-02-20,1.86,1.7,11618000,55392000,16758000,1.8773454983646067,38634000
2019-03-31,251651000,23694000,2019-04-24,2.02,0.98,11636000,13643000,22080000,2.036266758336198,-8437000
2019-06-30,318407000,27856000,2019-07-25,2.36,1.95,11684000,41887000,22498000,2.3841150290996236,19389000
2019-09-30,378466000,44729000,2019-10-29,3.65,2.93,12150000,87151000,22182000,3.6813991769547325,64969000
2019-12-31,301300000,13762000,2020-02-19,1.33,1.47,12163000,35561000,26473000,1.1314642769053687,9088000
2020-03-31,330565000,18234000,2020-04-22,1.6,1.82,12186000,18924000,27394000,1.4963072378138849,-8470000
2020-06-30,452138000,60141000,2020-07-23,4.88,2.43,12258000,85087000,32678000,4.906265296133138,52409000
2020-09-30,492792000,80768000,2020-10-22,6.51,4.56,12333000,104909000,40269000,6.548933754966351,64640000
2020-12-31,460937000,32817000,2021-02-17,2.64,2.62,12355000,44487000,39655000,2.656171590449211,4832000
2021-03-31,545080000,65565000,2021-04-22,5.26,2.61,12457000,19807000,39278000,5.2633057718551814,-19471000
2021-06-30,602805000,59195000,2021-07-22,4.75,6.69,12465000,11180000,44243000,4.748896911351785,-33063000
2021-09-30,561643000,-58421000,2021-10-21,-1.87,4.02,12282000,19978000,37366000,-4.75663572708028,-17388000
2021-12-31,348094000,-51786000,2022-02-16,-4.22,-3.23,12394000,5332000,27032000,-4.178312086493465,-21700000
2022-03-31,430113000,-1955000,2022-04-21,-0.16,1.97,12300000,-41006000,23767000,-0.1589430894308943,-64773000
2022-06-30,616243000,53349000,2022-07-21,4.31,4.43,12341000,162512000,27037000,4.322907381897739,135475000
2022-09-30,596453000,27286000,2022-10-20,2.21,3.07,12344000,103447000,19509000,2.210466623460791,83938000
2022-12-31,447525000,-11417000,2023-02-15,-0.93,0.7,12329000,-25008000,20269000,-0.9260280639143483,-45277000
2023-03-31,410000000,-8956000,2023-04-27,-0.73,-0.31,12309000,-17822000,17312000,-0.7275976927451459,-35134000
2023-06-30,603304000,58035000,2023-07-27,4.72,3.43,12276000,118959000,17497000,4.727517106549365,101462000
2023-09-30,601599000,45295000,2023-10-26,3.7,4.08,12233000,131264000,13968000,3.7026894465789257,117296000
2023-12-31,393722000,-18124000,2024-02-27,-1.49,-0.25,12166000,32750000,15310000,-1.4897254644090088,17440000
2024-03-31,426052000,12597000,2024-04-25,1.04,-0.01,12055000,-4884000,15737000,1.0449605972625466,-20621000
2024-06-30,579098000,52339000,2024-07-25,4.39,5.02,11898000,96000000,20353000,4.398974617582787,75647000
2024-09-30,605477000,33514000,2024-10-24,5.35,4.98,11682000,115874000,16680000,2.8688580722479027,99194000
2024-12-31,402299000,-38755000,2025-02-25,-1.68,-1.3336,11460000,41902000,23507000,-3.3817626527050613,18395000
2025-03-31,453867000,24412000,2025-04-23,2.16,0.6906,11277000,1939000,9921000,2.164760131240578,-7982000
2025-06-30,587949000,60433000,2025-07-23,5.45,4.05,11067000,126500000,14235000,5.460648775639288,112265000
2025-09-30,537494000,46155000,2025-10-23,4.25,3.33,10830000,101799000,12561000,4.261772853185596,89238000
