fiscalDateEnding,totalRevenue,netIncome,reportedDate,reportedEPS,estimatedEPS,commonStockSharesOutstanding,operatingCashflow,capitalExpenditures,eps_computed_simple,freeCashFlow
2005-09-30,13743180,13302554,2005-09-30,0.9124,,14579345,13955785.0,0,0.9124246665402321,13955785.0
2005-12-31,16840252,16395655,2005-12-31,1.1246,,14579345,16320810.0,0,1.1245810425639835,16320810.0
2006-03-31,18017759,17423591,2006-03-31,1.1951,,14579345,17393946.0,0,1.1950873650359464,17393946.0
2006-06-30,14609221,14043755,2006-08-08,1.0,0.94,14579345,,0,0.9632637817405377,
2006-09-30,15228031,14719964,2006-11-07,1.04,1.05,14579345,,0,1.009645083506838,
2006-12-31,14102960,13643533,2007-03-22,0.97,0.95,14579345,-47670541.0,0,0.9358124799159359,-47670541.0
2007-03-31,12873752,12313594,2007-05-09,0.84,0.88,14579345,12261884.0,0,0.8445917151970819,12261884.0
2007-06-30,14655680,13976752,2007-08-07,1.01,0.98,14579345,13975835.0,0,0.9586680334404598,13975835.0
2007-09-30,16804747,16364444,2007-11-05,1.12,1.15,14579345,16331856.0,0,1.1224402742372857,16331856.0
2007-12-31,14923387,14405029,2008-03-13,0.99,1.07,14579345,14392154.0,0,0.9880436329615631,14392154.0
2008-03-31,18937531,18381500,2008-05-02,1.2608,,14579345,18355767.0,0,1.26079052248232,18355767.0
2008-06-30,23122592,22446264,2008-08-07,1.54,1.4,14579345,22421045.0,0,1.5395934453845492,22421045.0
2008-09-30,28496756,28025087,2008-11-07,1.92,1.93,14579345,28000296.0,0,1.922245958237493,28000296.0
2008-12-31,20623152,20156131,2009-03-02,1.39,1.55,14579345,20140000.0,0,1.382512794642009,20140000.0
2009-03-31,10896074,10276516,2009-05-01,0.7049,,14579345,10250000.0,0,0.704868154227779,10250000.0
2009-06-30,10639720,9949110,2009-08-10,0.68,0.63,14579345,9930000.0,0,0.6824113154603311,9930000.0
2009-09-30,10239902,9784447,2009-10-30,0.67,0.71,14579345,9770000.0,0,0.6711170494970796,9770000.0
2009-12-31,9737646,9236123,2010-03-02,0.6335,,14579345,9210000.0,0,0.633507403796261,9210000.0
2010-03-31,14375880,13808204,2010-05-04,0.9471,,14579345,13790000.0,0,0.9471072946006833,13790000.0
2010-06-30,14031999,13421097,2010-08-05,0.9206,,14579345,13390000.0,0,0.9205555530786876,13390000.0
2010-09-30,14113712,13681026,2010-12-31,0.8962,,14579345,13800000.0,0,0.9383841317974161,13800000.0
2010-12-31,13567821,13066164,2011-03-31,0.9036,,14579345,12920000.0,0,0.8962106322334783,12920000.0
2011-03-31,13677627,13173936,2011-06-30,1.0762,,14579345,13160000.0,0,0.9036027338676738,13160000.0
2011-06-30,16370674,15690147,2011-09-30,1.1457,,14579345,15670000.0,0,1.0761901169085442,15670000.0
2011-09-30,17150882,16704079,2011-12-31,0.8911,,14579345,16680000.0,0,1.1457359024016511,16680000.0
2011-12-31,13484382,12991248,2012-03-31,1.0049,,14579345,12980000.0,0,0.8910721297836083,12980000.0
2012-03-31,15211000,14651215,2012-06-30,0.9808,,14579345,14630000.0,0,1.0049295767402444,14630000.0
2012-06-30,15108143,14299584,2012-09-30,0.8175,,14579345,14280000.0,0,0.9808111406925345,14280000.0
2012-09-30,12354767,11918507,2012-12-31,0.7854,,14579345,11910000.0,0,0.8174926239827647,11910000.0
2012-12-31,11975030,11450916,2013-03-31,1.0294,,14579345,11450000.0,0,0.78542046984964,11450000.0
2013-03-31,15502122,15007837,2013-06-30,0.9011,,14579345,14990000.0,0,1.0293903464113099,14990000.0
2013-06-30,13857161,13137080,2013-09-30,1.1544,,14579345,13130000.0,0,0.9010747739353174,13130000.0
2013-09-30,17245077,16830876,2013-12-31,0.9427,,14579345,16820000.0,0,1.1544329323436684,16820000.0
2013-12-31,14174267,13743599,2014-03-31,0.9031,,14579345,13730000.0,0,0.94267602556905,13730000.0
2014-03-31,13775321,13167253,2014-06-30,1.0787,,14579345,13160000.0,0,0.9031443456479011,13160000.0
2014-06-30,16538597,15726562,2014-09-30,1.2318,,14579345,15710000.0,0,1.0786878285684303,15710000.0
2014-09-30,18427595,17958733,2014-12-31,0.8118,,14579345,17950000.0,0,1.2317928548916293,17950000.0
2014-12-31,12348118,11835426,2015-03-31,0.999,,14579345,11820000.0,0,0.8117940826559766,11820000.0
2015-03-31,15110863,14564386,2015-06-30,0.6505,,14579345,14550000.0,0,0.9989739593925516,14550000.0
2015-06-30,10294137,9483933,2015-09-30,0.8898,,14579345,9470000.0,0,0.6505047380386431,9470000.0
2015-09-30,13550040,12972942,2015-12-31,0.6134,,14579345,38160053.0,0,0.889816517820245,38160053.0
2015-12-31,9430970,8943412,2016-03-31,0.4231,,14579345,8933650.0,0,0.6134303015670457,8933650.0
2016-03-31,6968945,6168662,2016-06-30,0.4015,,14579345,6158936.0,0,0.4231096801673875,6158936.0
2016-06-30,6504020,5854152,2016-09-30,0.5849,,14579345,-8047793.0,0,0.40153738045159093,-8047793.0
2016-09-30,9043086,8526832,2016-12-31,0.4751,,14579345,22407118.0,0,0.5848570014633716,22407118.0
2016-12-31,7506241,6926348,2017-03-31,0.6727,,14579345,6921646.0,0,0.47507950460051535,6921646.0
2017-03-31,10481493,9807327,2017-05-02,0.67,,14579345,9798024.0,0,0.6726863929758161,9798024.0
2017-06-30,8569987,7899936,2017-08-09,0.54,,14579345,7890000.0,0,0.5418580875889829,7890000.0
2017-09-30,9097970,8520756,2017-11-06,0.58,,14579345,8510000.0,0,0.5844402474871128,8510000.0
2017-12-31,9013461,8501038,2018-02-27,0.58,,14579345,8500000.0,0,0.5830877861796946,8500000.0
2018-03-31,10750239,9932082,2018-05-01,0.67,,14579345,9920000.0,0,0.6812433617559637,9920000.0
2018-06-30,13139278,12543931,2018-08-08,0.67,,14579345,12540000.0,0,0.860390573101878,12540000.0
2018-09-30,11856756,11321314,2018-11-05,0.67,,14579345,11313400.0,0,0.7765310444330661,11313400.0
2018-12-31,16639797,16132375,2019-03-05,0.67,,14579345,16125589.0,0,1.106522618128592,16125589.0
2019-03-31,13692528,12848406,2019-05-07,0.67,,14579345,12840310.0,0,0.8812745702910522,12840310.0
2019-06-30,10451812,9941594,2019-08-07,0.67,,14579345,9935059.0,0,0.6818957916147811,9935059.0
2019-09-30,11112450,10336238,2019-11-04,0.67,,14579345,10328070.0,0,0.7089644973762539,10328070.0
2019-12-31,11470158,10909749,2020-03-03,0.67,,14579345,10904620.0,0,0.7483017241172357,10904620.0
2020-03-31,11287740,10405023,2020-05-05,0.67,,14579345,10397990.0,0,0.7136824733895796,10397990.0
2020-06-30,9937797,9301762,2020-08-05,0.67,,14579345,9294120.0,0,0.6380095950812605,9294120.0
2020-09-30,8247775,7453000,2020-11-02,0.67,,14579345,27137690.0,0,0.5112026637685027,27137690.0
2020-12-31,6859961,6146841,2021-03-02,0.42,,14579345,-19692110.0,0,0.42161297369669215,-19692110.0
2021-03-31,9742684,8959060,2021-05-04,0.67,,14579345,-19692110.0,0,0.6145036008133424,-19692110.0
2021-06-30,12950456,12158987,2021-08-04,0.67,,14579345,21106110.0,0,0.83398719215438,21106110.0
2021-09-30,14487262,13776711,2021-11-01,0.67,,14579345,34876270.0,0,0.9449471838412494,34876270.0
2021-12-31,23723851,22961124,2022-03-01,0.67,,14579345,22962683.0,0,1.5749077890673415,22962683.0
2022-03-31,23930315,23014480,2022-05-12,1.58,1.58,14579345,23007680.0,0,1.5785674870853252,23007680.0
2022-06-30,28027084,27307510,2022-08-11,1.87,,14579345,27299958.0,0,1.8730272176150575,27299958.0
2022-09-30,39949876,39090079,2022-11-10,2.68,0.0,14579345,-6554.0,0,2.6811958287563673,-6554.0
2022-12-31,33842083,33281804,2023-02-28,2.28,0.0,14579345,-9364774.0,0,2.2828051603141293,-9364774.0
2023-03-31,27135286,26276500,2023-05-08,1.8,0.0,14579345,-6799.0,0,1.8023100489082329,-6799.0
2023-06-30,17433846,16698836,2023-08-04,1.1454,0.0,14579345,16693920.0,0,1.1453762840511696,16693920.0
2023-09-30,14364695,13727461,2023-11-07,0.9416,,14579345,-8588.0,0,0.9415691171311193,-8588.0
2023-12-31,34078217,33548438,2024-02-29,2.3011,,14579345,-16678533.0,0,2.3010936362367445,-16678533.0
2024-03-31,20758805,19921427,2024-05-09,1.3664,,14579345,19916368.0,0,1.36641440339055,19916368.0
2024-06-30,22607108,22078997,2024-08-08,1.5144,,14579345,22073721.0,0,1.5144025331727866,22073721.0
2024-09-30,19784478,19070466,2024-11-08,1.308,,14579345,19065321.0,0,1.3080468292642777,19065321.0
2024-12-31,19419250,18571804,2025-02-26,1.2738,,14579345,79627910.0,0,1.2738435094306362,79627910.0
2025-03-31,19394566,18146483,2025-05-30,1.24,,14579345,18142950.0,0,1.2446706625023278,18142950.0
2025-06-30,18583570,17788995,2025-08-29,1.22,0.0,14579345,17786263.0,0,1.2201504937293137,17786263.0
2025-09-30,25522605,24752168,2025-11-10,1.6978,0.0,14579345,60677820.0,0,1.6977558319663881,60677820.0
