fiscalDateEnding,totalRevenue,netIncome,reportedDate,reportedEPS,estimatedEPS,commonStockSharesOutstanding,operatingCashflow,capitalExpenditures,eps_computed_simple,freeCashFlow
2005-09-30,1316000000,207000000,2005-10-17,0.16,0.15,1308000000,-77000000,25000000,0.15825688073394495,-102000000
2005-12-31,1384000000,187000000,2006-01-18,0.14,0.15,1296000000,634000000,43000000,0.14429012345679013,591000000
2006-03-31,1205000000,243000000,2006-04-17,0.19,0.19,1296000000,737000000,19000000,0.1875,718000000
2006-06-30,1261000000,251000000,2006-07-18,0.19,0.2,1294000000,1022000000,26000000,0.19397217928902627,996000000
2006-09-30,1249000000,266000000,2006-10-16,0.21,0.2,1277000000,-415000000,97000000,0.20830070477682067,-512000000
2006-12-31,399000000,467000000,2007-01-17,0.21,0.21,1266000000,291000000,24000000,0.3688783570300158,267000000
2007-03-31,1320000000,273000000,2007-04-17,0.22,0.22,1266000000,-170000000,39000000,0.2156398104265403,-209000000
2007-06-30,1369000000,292000000,2007-07-17,0.23,0.23,1257000000,811000000,44000000,0.23229912490055687,767000000
2007-09-30,1451000000,1534000000,2007-10-15,0.27,0.26,1201000000,527000000,33000000,1.2772689425478767,494000000
2007-12-31,1477000000,308000000,2008-01-16,0.26,0.26,1149000000,578000000,52000000,0.268059181897302,526000000
2008-03-31,1398000000,305000000,2008-04-15,0.26,0.26,1159000000,-322000000,48000000,0.2631578947368421,-370000000
2008-06-30,1359000000,295000000,2008-07-16,0.26,0.26,1154000000,98000000,33000000,0.255632582322357,65000000
2008-09-30,1345000000,304000000,2008-10-15,0.26,0.23,1158000000,-488000000,47000000,0.26252158894645944,-535000000
2008-12-31,1335000000,308000000,2009-01-16,0.28,0.26,1153000000,714000000,60000000,0.26712922810060713,654000000
2009-03-31,1165000000,218000000,2009-04-15,0.21,0.16,1156000000,159000000,32000000,0.18858131487889274,127000000
2009-06-30,1157000000,205000000,2009-07-16,0.18,0.18,1160000000,947000000,37000000,0.17672413793103448,910000000
2009-09-30,1084000000,200000000,2009-10-15,0.17,0.17,1163000000,-406000000,39000000,0.17196904557179707,-445000000
2009-12-31,1068000000,164000000,2010-01-19,0.14,0.15,1190000000,737000000,32000000,0.13781512605042018,705000000
2010-03-31,1051000000,6000000,2010-04-15,0.1,0.11,1188000000,-589000000,29000000,0.005050505050505051,-618000000
2010-06-30,1134000000,205000000,2010-07-16,0.17,0.15,1195000000,865000000,25000000,0.17154811715481172,840000000
2010-09-30,1124000000,124000000,2010-10-15,0.1,0.12,1194000000,166000000,28000000,0.10385259631490787,138000000
2010-12-31,1201000000,119000000,2011-01-18,0.18,0.14,1200000000,-451000000,47000000,0.09916666666666667,-498000000
2011-03-31,1263000000,243000000,2011-04-15,0.2,0.19,1207000000,1303000000,38000000,0.20132560066280034,1265000000
2011-06-30,1238000000,238000000,2011-07-18,0.2,0.2,1210000000,615000000,39000000,0.19669421487603306,576000000
2011-09-30,1246000000,220000000,2011-10-17,0.18,0.19,1229000000,94000000,60000000,0.1790073230268511,34000000
2011-12-31,1168000000,163000000,2012-01-18,0.13,0.13,1273000000,452000000,43000000,0.12804399057344854,409000000
2012-03-31,1227000000,195000000,2012-04-16,0.15,0.15,1273000000,98000000,42000000,0.15318146111547526,56000000
2012-06-30,1326000000,275000000,2012-07-17,0.18,0.17,1274000000,-330000000,34000000,0.21585557299843014,-364000000
2012-09-30,1245000000,247000000,2012-10-15,0.17,0.17,1275000000,605000000,31000000,0.19372549019607843,574000000
2012-12-31,1223000000,211000000,2013-01-16,0.15,0.15,1278000000,893000000,41000000,0.1651017214397496,852000000
2013-03-31,1324000000,206000000,2013-04-15,0.15,0.16,1282000000,-368000000,49000000,0.1606864274570983,-417000000
2013-06-30,1362000000,256000000,2013-07-16,0.18,0.19,1288000000,532000000,62000000,0.19875776397515527,470000000
2013-09-30,1394000000,290000000,2013-10-15,0.22,0.2,1296000000,661000000,65000000,0.22376543209876543,596000000
2013-12-31,1459000000,319000000,2014-01-16,0.23,0.21,1304000000,831000000,73000000,0.2446319018404908,758000000
2014-03-31,1505000000,326000000,2014-04-15,0.24,0.22,1311000000,69000000,53000000,0.2486651411136537,16000000
2014-06-30,1497000000,324000000,2014-07-16,0.23,0.23,1313000000,432000000,112000000,0.24676313785224677,320000000
2014-09-30,1577000000,321000000,2014-10-15,0.25,0.24,1316000000,987000000,145000000,0.2439209726443769,842000000
2014-12-31,1577000000,350000000,2015-01-16,0.24,0.24,1320000000,860000000,90000000,0.26515151515151514,770000000
2015-03-31,1551000000,302000000,2015-04-15,0.22,0.24,1323000000,-1305000000,55000000,0.22826908541194255,-1360000000
2015-06-30,1597000000,353000000,2015-07-16,0.25,0.24,1326000000,568000000,70000000,0.26621417797888386,498000000
2015-09-30,1626000000,376000000,2015-10-15,0.27,0.26,1328000000,1091000000,79000000,0.28313253012048195,1012000000
2015-12-31,1727000000,416000000,2016-01-19,0.27,0.25,1330000000,892000000,62000000,0.31278195488721805,830000000
2016-03-31,1804000000,412000000,2016-04-15,0.29,0.29,1330000000,-369000000,56000000,0.3097744360902256,-425000000
2016-06-30,1868000000,452000000,2016-07-18,0.3,0.3,1333000000,1892000000,139000000,0.3390847711927982,1753000000
2016-09-30,1955000000,503000000,2016-10-17,0.34,0.33,1334000000,-549000000,77000000,0.3770614692653673,-626000000
2016-12-31,2017000000,522000000,2017-01-18,0.36,0.36,1341000000,1688000000,74000000,0.38926174496644295,1614000000
2017-03-31,2136000000,564000000,2017-04-18,0.39,0.36,1351000000,-1577000000,80000000,0.41746854182087345,-1657000000
2017-06-30,2204000000,575000000,2017-07-18,0.39,0.39,1351000000,719000000,84000000,0.4256106587712805,635000000
2017-09-30,2259000000,618000000,2017-10-16,0.42,0.41,1353000000,3309000000,103000000,0.4567627494456763,3206000000
2017-12-31,2361000000,597000000,2018-01-17,0.44,0.41,1358000000,-565000000,133000000,0.43961708394698085,-698000000
2018-03-31,2556000000,783000000,2018-04-16,0.55,0.54,1362000000,248000000,122000000,0.5748898678414097,126000000
2018-06-30,2669000000,866000000,2018-07-17,0.6,0.58,1364000000,3132000000,131000000,0.6348973607038123,3001000000
2018-09-30,2807000000,923000000,2018-10-15,0.65,0.65,1364000000,1275000000,147000000,0.6766862170087976,1128000000
2018-12-31,2957000000,935000000,2019-01-16,0.65,0.64,1354000000,7801000000,170000000,0.6905465288035451,7631000000
2019-03-31,3040000000,964000000,2019-04-15,0.69,0.65,1344000000,-2595000000,139000000,0.7172619047619048,-2734000000
2019-06-30,2999000000,937000000,2019-07-16,0.66,0.65,1337000000,2214000000,171000000,0.7008227374719521,2043000000
2019-09-30,2972000000,951000000,2019-10-15,0.7,0.64,1308000000,5402000000,205000000,0.7270642201834863,5197000000
2019-12-31,2774000000,852000000,2020-01-16,0.62,0.64,1293000000,4304000000,193000000,0.6589327146171694,4111000000
2020-03-31,2753000000,795000000,2020-04-15,0.62,0.63,1294000000,10118000000,156000000,0.6143740340030912,9962000000
2020-06-30,2547000000,671000000,2020-07-16,0.54,0.53,1294000000,-16443000000,179000000,0.51854714064915,-16622000000
2020-09-30,2540000000,698000000,2020-10-15,0.51,0.47,1294000000,-80000000,130000000,0.5394126738794436,-210000000
2020-12-31,4272000000,1135000000,2021-01-19,0.74,0.7,1435000000,13257000000,166000000,0.7909407665505227,13091000000
2021-03-31,4819000000,1484000000,2021-04-15,0.84,0.82,1892000000,-4742000000,186000000,0.7843551797040169,-4928000000
2021-06-30,4649000000,1265000000,2021-07-16,0.7,0.72,1896000000,-594000000,239000000,0.6671940928270043,-833000000
2021-09-30,4693000000,1526000000,2021-10-15,0.84,0.81,1898000000,1815000000,178000000,0.804004214963119,1637000000
2021-12-31,4834000000,1580000000,2022-01-18,0.86,0.88,1902000000,5639000000,313000000,0.8307045215562566,5326000000
2022-03-31,4808000000,1402000000,2022-04-18,0.77,0.84,1905000000,3053000000,296000000,0.7359580052493438,2757000000
2022-06-30,5261000000,1793000000,2022-07-18,0.97,0.91,1904000000,-7943000000,241000000,0.9417016806722689,-8184000000
2022-09-30,5930000000,2020000000,2022-10-17,1.1,1.05,1895000000,9054000000,232000000,1.0659630606860158,8822000000
2022-12-31,6307000000,1968000000,2023-01-18,1.07,1.09,1873000000,-2107000000,202000000,1.0507207688200748,-2309000000
2023-03-31,6362000000,1603000000,2023-04-17,0.93,0.9,1842000000,9777000000,159000000,0.8702497285559175,9618000000
2023-06-30,6471000000,1294000000,2023-07-18,0.75,0.71,1825000000,-5216000000,239000000,0.709041095890411,-5455000000
2023-09-30,6396000000,1125000000,2023-10-16,0.77,0.74,1827000000,-5011000000,239000000,0.6157635467980296,-5250000000
2023-12-31,4459000000,1045000000,2024-01-17,0.68,0.64,1828000000,20037000000,63000000,0.5716630196936543,19974000000
2024-03-31,6448000000,1362000000,2024-04-15,0.74,0.74,1831000000,-1349000000,149000000,0.7438558164937192,-1498000000
2024-06-30,6349000000,1332000000,2024-07-16,0.73,0.72,1834000000,-4252000000,89000000,0.7262813522355507,-4341000000
2024-09-30,6553000000,1408000000,2024-10-15,0.77,0.75,1834000000,19098000000,128000000,0.7677208287895311,18970000000
2024-12-31,6651000000,1840000000,2025-01-21,1.01,0.91,1836000000,-10827000000,254000000,1.0021786492374727,-11081000000
2025-03-31,6650000000,1909000000,2025-04-17,1.04,1.01,1822000000,6359000000,117000000,1.0477497255762898,6242000000
2025-06-30,6816000000,2126000000,2025-07-18,1.08,1.05,1822000000,3177000000,128000000,1.1668496158068058,3049000000
2025-09-30,7041000000,2358000000,2025-10-16,1.26,1.19,1811000000,538000000,145000000,1.3020430701270016,393000000
