fiscalDateEnding,totalRevenue,netIncome,reportedDate,reportedEPS,estimatedEPS,commonStockSharesOutstanding,operatingCashflow,capitalExpenditures,eps_computed_simple,freeCashFlow
2013-06-30,622367000,12468000,2013-08-23,0.0961,,143658944,37527000,24247000,0.08678888799293973,13280000
2013-09-30,633614000,11461000,2013-11-07,0.13,0.1,144710000,41755000,23101000,0.079199778868081,18654000
2013-12-31,608236000,9280000,2014-02-27,0.07,0.06,155500000,17882000,12686000,0.059678456591639874,5196000
2014-03-31,722606000,33733000,2014-05-07,0.23,0.2,153294000,76266000,18240000,0.2200542747922293,58026000
2014-06-30,743810000,30151000,2014-08-07,0.2,0.18,154039000,61623000,39553000,0.1957361447425652,22070000
2014-09-30,766415000,26065000,2014-11-06,0.18,0.16,154306000,13412000,38306000,0.1689176052778246,-24894000
2014-12-31,734593000,17743000,2015-02-25,0.12,0.09,155010000,29917000,30966000,0.11446358299464551,-1049000
2015-03-31,857506000,37467000,2015-05-07,0.25,0.26,155482000,68084000,33755000,0.24097323162809842,34329000
2015-06-30,902153000,31322000,2015-08-06,0.22,0.22,155949000,52856000,40786000,0.20084771303438945,12070000
2015-09-30,903069000,31986000,2015-11-05,0.21,0.19,155952000,58151000,22849000,0.2051015697137581,35302000
2015-12-31,930303000,28216000,2016-02-25,0.18,0.16,155635000,60807000,33630000,0.18129598098114177,27177000
2016-03-31,993241000,46207000,2016-05-05,0.3,0.29,153144000,97947000,34138000,0.3017225617719271,63809000
2016-06-30,1031643000,37209000,2016-08-04,0.25,0.24,151498000,49993000,51434000,0.24560720273534964,-1441000
2016-09-30,1035801000,23885000,2016-11-03,0.16,0.17,150024000,48097000,57490000,0.1592078600757212,-9393000
2016-12-31,985700000,17005000,2017-02-23,0.12,0.13,143950000,58314000,38447000,0.11813129558874609,19867000
2017-03-31,1130645000,46287000,2017-05-04,0.33,0.3,140147000,114537000,57205000,0.33027464019921937,57332000
2017-06-30,1183975000,40968000,2017-08-03,0.29,0.25,139493000,65346000,60548000,0.2936921565956715,4798000
2017-09-30,1206059000,31486000,2017-11-02,0.23,0.18,136770000,79086000,40706000,0.23021130364846093,38380000
2017-12-31,1143933000,39699000,2018-02-22,0.16,0.15,134795000,50598000,40165000,0.29451389146481693,10433000
2018-03-31,1287196000,66624000,2018-05-03,0.5,0.49,133752000,104487000,44158000,0.4981159160236856,60329000
2018-06-30,1321693000,41709000,2018-08-02,0.32,0.32,130012000,66621000,59778000,0.32080884841399254,6843000
2018-09-30,1329109000,37500000,2018-11-01,0.27,0.26,127627000,64358000,44497000,0.29382497433928556,19861000
2018-12-31,1269338000,12703000,2019-02-21,0.19,0.18,127398000,58913000,28650000,0.09971114146218936,30263000
2019-03-31,1413887000,56392000,2019-05-02,0.46,0.41,123926000,112605000,30142000,0.45504575311072737,82463000
2019-06-30,1415736000,35343000,2019-08-01,0.3,0.3,118436000,136580000,63272000,0.2984143334796852,73308000
2019-09-30,1440222000,26260000,2019-10-30,0.22,0.19,118174000,74127000,53066000,0.22221470035710056,21061000
2019-12-31,1364991000,31634000,2020-02-20,0.27,0.14,118219000,31898000,36752000,0.26758812035290436,-4854000
2020-03-31,1646539000,91810000,2020-05-05,0.78,0.54,117748000,277072000,28036000,0.7797160036688521,249036000
2020-06-30,1642788000,67002000,2020-07-29,0.57,0.36,118189000,116276000,36535000,0.5669055495858328,79741000
2020-09-30,1577598000,60241000,2020-10-28,0.51,0.36,118450000,16916000,31303000,0.5085774588433939,-14387000
2020-12-31,1601834000,68397000,2021-02-25,0.58,0.39,118315000,83771000,26094000,0.5780923805096564,57677000
2021-03-31,1575447000,83048000,2021-05-06,0.7,0.61,118607000,105438000,16605000,0.7001947608488538,88833000
2021-06-30,1521993000,61014000,2021-08-05,0.52,0.45,117831000,71867000,22816000,0.5178094049952898,49051000
2021-09-30,1509633000,63867000,2021-11-04,0.56,0.39,114818000,119354000,30589000,0.5562455364141511,88765000
2021-12-31,1492796000,36228000,2022-02-24,0.32,0.3,112786000,68140000,32368000,0.32121007926515704,35772000
2022-03-31,1641161000,88307000,2022-05-04,0.79,0.72,111833000,153029000,27227000,0.7896327559843695,125802000
2022-06-30,1595482000,61997000,2022-08-03,0.57,0.51,109619000,55934000,25871000,0.5655680128444887,30063000
2022-09-30,1591026000,65740000,2022-11-08,0.61,0.51,108095000,97827000,27651000,0.6081687404597808,70176000
2022-12-31,1576554000,45120000,2023-03-02,0.42,0.37,106832000,64539000,43261000,0.42234536468473866,21278000
2023-03-31,1733310000,76160000,2023-05-01,0.98,0.85,104876000,179820000,47044000,0.726190930241428,132776000
2023-06-30,1692247000,67334000,2023-08-01,0.71,0.63,103514000,114961000,51639000,0.6504820603976273,63322000
2023-09-30,1713282000,65313000,2023-10-31,0.65,0.62,102703000,114244000,66333000,0.6359405275405782,47911000
2023-12-31,1698545000,50049000,2024-02-22,0.49,0.45,102207000,56043000,60294000,0.48968270275030085,-4251000
2024-03-31,1883808000,114100000,2024-05-01,1.12,1.0,102024000,219695000,51241000,1.118364306437701,168454000
2024-06-30,1893519000,95289000,2024-07-29,0.94,0.78,101196000,91600000,57684000,0.9416281275939761,33916000
2024-09-30,1945735000,91610000,2024-10-30,0.91,0.77,101025000,209056000,52762000,0.9068052462261816,156294000
2024-12-31,1996228000,79602000,2025-02-20,0.79,0.7348,101379000,124863000,68688000,0.7851921995679578,56175000
2025-03-31,2236436000,180026000,2025-04-29,1.81,1.31,99719000,299089000,59479000,1.8053329856897884,239610000
2025-06-30,2220602000,133703000,2025-07-28,1.35,1.23,98774000,111248000,60840000,1.3536254479923866,50408000
2025-09-30,2200430000,120116000,2025-10-29,1.22,1.17,98715000,167134000,55762000,1.2167958263688397,111372000
