fiscalDateEnding,totalRevenue,netIncome,reportedDate,reportedEPS,estimatedEPS,commonStockSharesOutstanding,operatingCashflow,capitalExpenditures,eps_computed_simple,freeCashFlow
2010-03-31,3764446000000,375587000000,2010-05-14,0.4921,,406816282,943866000000,81026000000,923.2349259806666,862840000000
2010-06-30,3823587000000,457655000000,2010-08-21,0.5859,,441377614,519250000000,339725000000,1036.8785943910605,179525000000
2010-09-30,3987965000000,489023000000,2010-11-14,0.6204,,404812076,542878000000,540506000000,1208.0247329380559,2372000000
2010-12-31,6147808000000,330004000000,2011-02-21,0.1021,,400526434,2015027000000,1310070000000,823.9256438190544,704957000000
2011-03-31,3908861000000,542534000000,2011-04-10,0.736,,400526434,1506579000000,302896000000,1354.552294044093,1203683000000
2011-06-30,4037588000000,467794000000,2011-08-17,0.6565,,414304423,1635801000000,911805000000,1129.1069417330357,723996000000
2011-09-30,4045352000000,386166000000,2011-11-17,0.5462,,397269415,1264523000000,616757000000,972.0506674293061,647766000000
2011-12-31,3973663000000,216395000000,2012-02-17,0.2943,,393589836,1899492000000,1813820000000,549.7982422493247,85672000000
2012-03-31,3969711000000,306424000000,2012-05-02,0.7013,,393589836,1221168000000,563683000000,778.5363644400614,657485000000
2012-06-30,4007863000000,143396000000,2012-08-02,0.3031,,380971472,781231000000,699950000000,376.3956373090319,81281000000
2012-09-30,4084360000000,178872000000,2012-11-06,0.4144,,380971472,1081946000000,965648000000,469.51547070170125,116298000000
2012-12-31,4197388000000,523013000000,2013-02-05,1.1865,,380971472,915319000000,1311317000000,1372.8403264798787,-395998000000
2013-03-31,4065654000000,354154000000,2013-05-02,0.8497,,380971472,674148000000,539363000000,929.6076636415443,134785000000
2013-06-30,4116965000000,466645000000,2013-07-30,1.0849,,381941400,700429000000,592700000000,1221.7711931725653,107729000000
2013-09-30,4124594000000,504026000000,2013-10-29,0.3932,,385524725,807301000000,728787000000,1307.376589140943,78514000000
2013-12-31,4294841000000,314140000000,2014-01-28,0.248,,387756952,1376692000000,1261439000000,810.1466611487084,115253000000
2014-03-31,4201920000000,269814000000,2014-04-29,0.2147,,387756633,389446000000,646888000000,695.8333579299467,-257442000000
2014-06-30,4305368000000,498536000000,2014-08-01,0.4075,,395334705,986582000000,722782000000,1261.0479011702248,263800000000
2014-09-30,4367484000000,531548000000,2014-10-28,0.8068,,387772713,923739000000,809579000000,1370.7720584248536,114160000000
2014-12-31,4289026000000,501280000000,2015-01-29,0.7071,,387756633,1377618000000,959444000000,1292.769632647393,418174000000
2015-03-31,4240286000000,444495000000,2015-05-05,0.6329,,387211257,465612000000,598027000000,1147.9392501236089,-132415000000
2015-06-30,4255739000000,395839000000,2015-07-29,0.5498,,398671259,948439000000,545104000000,992.8957532401402,403335000000
2015-09-30,4261360000000,382251000000,2015-11-02,0.4959,,397013918,1229892000000,642553000000,962.8151121895933,587339000000
2015-12-31,4379349000000,296019000000,2016-02-01,0.3882,,389763210,1134186000000,821042000000,759.4842006766108,313144000000
2016-03-31,4228463000000,571847000000,2016-04-27,0.7488,,382039630,673590000000,513461000000,1496.8263894507488,160129000000
2016-06-30,4267289000000,290135000000,2016-07-29,0.4059,0.389,398133232,1148705000000,374575000000,728.738464112938,774130000000
2016-09-30,4243804000000,325102000000,2016-11-14,0.4152,0.368,385988895,887984000000,950739000000,842.2573918868832,-62755000000
2016-12-31,4352260000000,488883000000,2017-03-01,1.07,5.71,385968204,1532889000000,1287067000000,1266.640606488922,245822000000
2017-03-31,4234365000000,589134000000,2017-04-26,1.33,6.85,386114466,930358000000,676537000000,1525.8014186912126,253821000000
2017-06-30,4345593000000,624889000000,2017-07-27,0.8062,1.2464,391234390,882345000000,482384000000,1597.2241090564662,399961000000
2017-09-30,4442739000000,795826000000,2017-11-06,11270.86,1.4654,385963432,1130414000000,805583000000,2061.9207262101454,324831000000
2017-12-31,4497316000000,589980000000,2018-03-22,8236.33,1.3896,391585093,912703000000,897095000000,1506.6457088038333,15608000000
2018-03-31,4181537000000,694959000000,2018-05-04,0.89,,385968204,987254000000,661612000000,1800.5602347492852,325642000000
2018-06-30,4154324000000,916652000000,2018-07-27,1.12,1.18,389560975,1220123000000,469160000000,2353.038571176181,750963000000
2018-09-30,2925572000000,179631000000,2018-10-30,1.44,1.37,385968204,471548000000,789718000000,465.4036216931486,-318170000000
2018-12-31,4351707000000,484901000000,2019-01-31,0.6156,0.9,388934807,1653655000000,1375129000000,1246.7410765835623,278526000000
2019-03-31,4334906000000,379189000000,2019-05-07,0.4629,0.5,400183535,968655000000,699730000000,947.5377341549047,268925000000
2019-06-30,4437029000000,263397000000,2019-08-02,0.3213,0.32,398509146,1031202000000,665691000000,660.9559721372116,365511000000
2019-09-30,4561213000000,274380000000,2019-10-31,0.3405,0.36,392859345,158639000000,222384000000,698.4179032320079,-63745000000
2019-12-31,9172227000000,-66113000000,2020-02-06,-0.0422,0.02,350202596,1827586000000,1929088000000,-188.78500832129754,-101502000000
2020-03-31,4450590000000,308545000000,2020-05-06,0.3894,0.37,404417836,972430000000,1066787000000,762.9361826662857,-94357000000
2020-06-30,4603338000000,427395000000,2020-08-05,0.5512,0.54,403313869,1912298000000,698700000000,1059.70816490816,1213598000000
2020-09-30,4731445000000,383016000000,2020-11-04,0.5354,0.5256,399375480,1640948000000,977652000000,959.0373450067591,663296000000
2020-12-31,4840600000000,380803000000,2021-02-02,0.5274,0.1867,641409072,1296200000000,944637000000,593.697558428048,351563000000
2021-03-31,4113097000000,558265000000,2021-05-10,0.7755,0.5284,389010670,891101000000,764084000000,1435.0891712044813,127017000000
2021-06-30,4125146000000,765785000000,2021-08-10,1.03,1.02,390892125,1386253000000,573244000000,1959.0699096329965,813009000000
2021-09-30,4215032000000,784180000000,2021-11-09,1.59,2.28,389312010,1405191000000,888446000000,2014.271278196632,516745000000
2021-12-31,2182356000000,299293000000,2022-03-15,0.5545,0.5696,391647873,1348734000000,1082665000000,764.1890091408718,266069000000
2022-03-31,4277208000000,211253000000,2022-05-10,0.379,0.3818,641090040,1294700000000,758367000000,329.52157547167633,536333000000
2022-06-30,4289857000000,253862000000,2022-08-08,0.4212,0.4326,398448124,829253000000,256967000000,637.12685468686,572286000000
2022-09-30,4343447000000,234628000000,2022-11-09,0.4621,0.5414,392641696,1665556000000,1158568000000,597.5626185151767,506988000000
2022-12-31,4394461000000,212657000000,2023-02-08,0.3747,0.37,392610958,1369808000000,872521000000,541.6481523676678,497287000000
2023-03-31,4372227000000,290506000000,2023-05-09,0.5345,0.5291,218118032,1369808000000,872521000000,1331.8752114909967,497287000000
2023-06-30,4306383000000,329183000000,2023-08-07,0.6063,0.498,397691274,892305000000,165811000000,827.7350334822785,726494000000
2023-09-30,4402610000000,297923000000,2023-11-07,0.5213,0.5121,391975839,1816207000000,1144945000000,760.0544991753943,671262000000
2023-12-31,4527291000000,175999000000,2024-02-04,0.3033,0.2662,394029849,1208935000000,985897000000,446.664130767413,223038000000
2024-03-31,4474611000000,352986000000,2024-05-07,0.6829,0.5983,383360400,1113779000000,590523000000,920.7680292487174,523256000000
2024-06-30,4422359000000,337406000000,2024-08-05,0.6321,0.5831,388809000,1270150000000,527297000000,867.7936981911427,742853000000
2024-09-30,4532118000000,268905000000,2024-11-06,0.5157,0.5642,384262200,1427517000000,501899000000,699.7956083112,925618000000
2024-12-31,4511500000000,342600000000,2025-02-11,0.5486,0.4174,389072554,1270889000000,939497000000,880.5555582828389,331392000000
2025-03-31,4453717000000,364422000000,2025-05-06,0.6445,0.5995,384604200,1252032000000,553360000000,947.5247540198469,698672000000
2025-06-30,4338760000000,89638000000,2025-08-06,0.1441,0.5234,383936400,1404457000000,293648000000,233.47096029446544,1110809000000
2025-09-30,4048941782000,-166054832000,2025-11-05,-0.2604,-0.0526,383367600,2822786000000,1526869000000,-433.14779861417605,1295917000000
