fiscalDateEnding,totalRevenue,netIncome,reportedDate,reportedEPS,estimatedEPS,commonStockSharesOutstanding,operatingCashflow,capitalExpenditures,eps_computed_simple,freeCashFlow
2005-09-30,118346000,2344000,2005-12-15,0.5369,,41956220,-5689000,741000,0.0558677592976679,-6430000
2005-12-31,136487000,4505000,2006-03-20,0.2729,,41956220,13574000,453000,0.10737382919624314,13121000
2006-03-31,117491000,2290000,2006-06-19,0.6141,,41956220,-2674000,702000,0.05458070340941105,-3376000
2006-06-30,136219000,5153000,2006-09-22,0.226,,41956220,3776000,220084000,0.12281849985532538,-216308000
2006-09-30,115806000,1896000,2006-12-21,0.0745,,41956220,-915000,1660000,0.045189962298796224,-2575000
2006-12-31,94786000,625000,2007-03-19,-0.2592,,41956220,4628000,1004000,0.014896480188158038,3624000
2007-03-31,66345000,-2175000,2007-06-18,0.2678,,41956220,-5259000,1301000,-0.05183975105478997,-6560000
2007-06-30,88536000,2247000,2007-09-21,0.0845,,41956220,754000,1003000,0.05355582557246578,-249000
2007-09-30,96394000,709000,2007-12-20,-0.2248,,41956220,-585000,677000,0.016898567125446476,-1262000
2008-03-31,57314000,-4570000,2008-04-04,-0.5446,,41956220,-8798000,341000,-0.10892306313581157,-9139000
2008-06-30,70859000,191000,2008-08-01,0.0228,,41956220,-2135000,491000,0.004552364345501096,-2626000
2008-09-30,62597000,-4146000,2008-10-10,-0.4941,,41956220,-3826000,239000,-0.09881729097616515,-4065000
2008-12-31,47210000,-4098000,2009-01-09,-0.4884,,41956220,-1162000,486000,-0.09767324129771461,-1648000
2009-03-31,24386000,-4825000,2009-04-03,-0.575,,41956220,-6112000,419000,-0.11500082705258005,-6531000
2009-06-30,32483000,-2365000,2009-07-24,-0.28,-0.33,41956220,-2516000,430000,-0.056368281031990014,-2946000
2009-09-30,35874000,-3907000,2009-10-09,-0.47,-0.22,41956220,-4487000,154000,-0.09312087695221352,-4641000
2009-12-31,34246000,-3808000,2010-01-08,-0.45,-0.06,41956220,-4899000,241000,-0.09076127449040929,-5140000
2010-03-31,25415000,-3697000,2010-04-02,-0.29,-0.3,41956220,-8557000,215000,-0.08811565960899242,-8772000
2010-06-30,40695000,-17581000,2010-08-06,-0.09,-0.2,41956220,2692000,281000,-0.41903202910081033,2411000
2010-09-30,45827000,-6065000,2010-10-08,-0.72,-0.48,41956220,-3492000,131000,-0.14455544374588558,-3623000
2010-12-31,36621000,-7756000,2011-01-07,-0.9243,,41956220,-4106000,175000,-0.18485936054296598,-4281000
2011-03-31,31776000,-8742000,2011-04-08,-1.0418,,41956220,-11096000,222000,-0.20836004768780408,-11318000
2011-06-30,48103000,-4064000,2011-07-29,-0.4843,,41956220,-6881000,288000,-0.09686287277547882,-7169000
2011-09-30,50284000,-6845000,2011-10-10,-0.8157,,41956220,-5146000,353000,-0.16314625102070682,-5499000
2011-12-31,45296000,-3422000,2012-01-06,-0.4078,,41956220,-2568000,113000,-0.08156120832620288,-2681000
2012-03-31,36805000,-7387000,2012-04-06,-0.8803,,41956220,-8298000,27000,-0.17606447863987748,-8325000
2012-06-30,50461000,-1711000,2012-07-27,-0.2039,,41956220,-2585000,121000,-0.04078060416310144,-2706000
2012-09-30,49920000,-3468000,2012-10-08,-0.4133,,41956220,-4003000,15000,-0.08265758926805132,-4018000
2012-12-31,41836000,-1725000,2013-01-04,-0.2056,,41956220,-1787000,11000,-0.041114285319316185,-1798000
2013-03-31,36986000,-5365000,2013-04-08,-0.6394,,41956220,-7976000,23000,-0.1278713859351486,-7999000
2013-06-30,48832000,45000,2013-07-26,0.0054,,41956220,-273000,26000,0.0010725465735473786,-299000
2013-09-30,48994000,-1379000,2013-10-11,-0.1643,,41956220,175000,4000,-0.032867593887151894,171000
2013-12-31,46263000,-2213000,2014-01-13,-0.2637,,41956220,-1656000,456000,-0.052745457050229975,-2112000
2014-03-31,38772000,-5712000,2014-04-07,-0.6807,,8391244,-7646000,189000,-0.6807095586780697,-7835000
2014-06-30,57701000,-2560000,2014-07-21,-0.3051,,41956220,-8469000,104000,-0.06101598285069532,-8573000
2014-09-30,57429000,-3773000,2014-10-10,-0.4496,,41956220,-3019000,26000,-0.08992707159987244,-3045000
2014-12-31,49667000,-3444000,2015-01-15,-0.4104,,41956220,-537000,137000,-0.08208556442882604,-674000
2015-03-31,38109000,-2997000,2015-04-06,-0.3572,,8391244,-1458000,15000,-0.3571580089912771,-1473000
2015-06-30,49605000,-200000,2015-07-24,-0.0238,,41956220,679000,295000,-0.004766873660210572,384000
2015-09-30,48742000,-834000,2015-10-21,-0.0994,,41956220,1755000,70000,-0.019877863163078085,1685000
2015-12-31,58684000,1706000,2016-01-13,0.2033,,41956220,324000,175000,0.04066143232159618,149000
2016-03-31,47697000,-520000,2016-04-14,-0.062,,8391244,-453000,67000,-0.06196935758273744,-520000
2016-06-30,56651000,1326000,2016-08-05,0.158,,41956220,2227000,820000,0.03160437236719609,1407000
2016-09-30,61176000,744000,2016-10-13,0.0875,,42490960,1366000,569000,0.01750960674929444,797000
2016-12-31,64226000,-595000,2017-01-12,-0.0709,,41956220,689000,218000,-0.014181449139126452,471000
2017-03-31,51640000,-2447000,2017-04-14,-0.29,,8391244,-3345000,307000,-0.2916134961633817,-3652000
2017-06-30,59462000,2303000,2017-08-11,0.26,,42367605,4158000,261000,0.0543575687131713,3897000
2017-09-30,58462000,1607000,2017-10-06,0.19,,8483935,1337000,500000,0.18941682132170978,837000
2017-12-31,259963000,6944000,2018-01-11,0.35,,8562899,357000,300000,0.8109403135550238,57000
2018-03-31,57978000,1218000,2018-06-04,0.14,-0.12,43136660,4887000,370000,0.028235843943411474,4517000
2018-06-30,322261000,-853000,2018-08-08,0.09,0.26,47462000,4265000,2020000,-0.017972272554886013,2245000
2018-09-30,355436000,-77025000,2018-11-05,0.23,0.19,54105000,24753000,2664000,-1.4236207374549488,22089000
2018-12-31,354671000,10427000,2019-02-05,0.27,0.22,56249000,22900000,2943000,0.18537218439438924,19957000
2019-03-31,327675000,9157000,2019-05-21,0.26,0.2,56434000,13310000,4465000,0.16226033951164193,8845000
2019-06-30,371888000,17291000,2019-07-31,0.35,0.27,56635000,26780000,4526000,0.3053059062417233,22254000
2019-09-30,354458000,17680000,2019-10-30,0.34,0.31,56724000,25378000,4883000,0.31168464847330934,20495000
2019-12-31,342239000,16993000,2020-01-28,0.32,0.31,56788000,20919000,2701000,0.2992357540325421,18218000
2020-03-31,301145000,6024000,2020-05-20,0.14,0.2,54527273,3666000,3279000,0.11047682505596787,387000
2020-06-30,273285000,11873000,2020-07-29,0.22,0.05,56761000,32205000,1311000,0.2091753140360459,30894000
2020-09-30,322366000,17492000,2020-10-27,0.31,0.23,56909000,31637000,1241000,0.30736790314361523,30396000
2020-12-31,377581000,21599000,2021-02-01,0.38,0.24,56990000,39974000,1683000,0.3789963151430075,38291000
2021-03-31,447649000,33871000,2021-05-25,0.61,0.38,56967000,50081000,3781000,0.5945722962416837,46300000
2021-06-30,510197000,42901000,2021-08-03,0.75,0.51,57201333,31905000,9221000,0.7500000043705275,22684000
2021-09-30,524225000,50723000,2021-11-02,0.89,0.62,56992135,56982000,5884000,0.8899999973680579,51098000
2021-12-31,534690000,67622000,2022-02-02,1.18,0.74,57306780,75519000,7679000,1.1799999930200231,67840000
2022-03-31,638117000,86798000,2022-05-23,1.51,1.0,57482119,60073000,9195000,1.5100000053929814,50878000
2022-06-30,725881000,117151000,2022-08-02,2.04,1.57,57426961,47422000,9435000,2.039999992338094,37987000
2022-09-30,806825000,144092000,2022-11-01,2.51,1.82,57407171,231144000,16178000,2.510000013761347,214966000
2022-12-31,582322000,82813000,2023-02-06,1.44,0.92,57377000,85478000,12564000,1.4433135228401623,72914000
2023-03-31,491532000,57746000,2023-05-30,1.0,0.93,57424808,52181000,14067000,1.0055932620619297,38114000
2023-06-30,464769000,51269000,2023-08-01,0.89,0.84,57658000,74857000,10341000,0.8891914391758299,64516000
2023-09-30,464236000,45669000,2023-10-31,0.82,0.8,57724000,54281000,12506000,0.7911613886771534,41775000
2023-12-31,559455000,46970000,2024-02-05,0.82,0.64,57987654,89479000,18139000,0.810000004483713,71340000
2024-03-31,536363000,2788000,2024-05-21,0.62,0.68,57410000,4087000,11929000,0.04856296812402021,-7842000
2024-06-30,627779000,45794000,2024-08-06,0.89,0.74,57967089,84616000,10712000,0.7899999946521379,73904000
2024-09-30,616877000,54734000,2024-10-28,0.93,0.81,57967089,59826000,14115000,0.9442254379894771,45711000
2024-12-31,644925000,61537000,2025-02-03,1.04,0.77,58185000,50410000,13144000,1.0576093494886998,37266000
2025-03-31,593867000,36348000,2025-05-27,0.63,0.78,58053774,46005000,12561000,0.6261091656160028,33444000
2025-06-30,701318000,64687000,2025-08-04,1.19,0.8183,57695238,75302000,8901000,1.1211843861359927,66401000
2025-09-30,684429000,58199000,2025-11-04,1.01,0.82,56671000,74862000,8916000,1.0269626440331034,65946000
