fiscalDateEnding,totalRevenue,netIncome,reportedDate,reportedEPS,estimatedEPS,commonStockSharesOutstanding,operatingCashflow,capitalExpenditures,eps_computed_simple,freeCashFlow
2005-09-30,103913000,-745000,2005-10-24,0.26,0.24,53770000,20363000,85369000,-0.013855309652222429,-65006000
2005-12-31,109856000,15264000,2006-01-25,0.31,0.27,53800000,29585000,8385000,0.2837174721189591,21200000
2006-03-31,114540000,11064000,2006-04-24,0.33,0.32,57656000,21610000,2709000,0.19189676703205216,18901000
2006-06-30,123504000,10137000,2006-07-24,0.37,0.33,57858000,12677000,5693000,0.1752048117805662,6984000
2006-09-30,115540000,4734000,2006-10-23,0.26,0.23,57151000,38265000,16098000,0.08283319626953159,22167000
2006-12-31,111012000,5223000,2007-01-31,0.24,0.18,56100000,10731000,5272000,0.09310160427807487,5459000
2007-03-31,73814000,155613000,2007-04-25,0.19,0.16,54806000,21518000,1522000,2.839342407765573,19996000
2007-06-30,75597000,7473000,2007-07-25,0.26,0.22,56312000,-27127000,213000,0.13270706066202587,-27340000
2007-09-30,87938000,20434000,2007-10-24,0.43,0.3,56767000,9869000,1674000,0.3599626543590466,8195000
2007-12-31,100112000,21316000,2008-01-30,0.46,0.38,55900000,50521000,1978000,0.38132379248658316,48543000
2008-03-31,98179000,10814000,2008-04-30,0.38,0.36,52000000,23649000,1278000,0.20796153846153845,22371000
2008-06-30,104620000,14643000,2008-07-30,0.47,0.41,49705000,21620000,3782000,0.2945981289608691,17838000
2008-09-30,113483000,1154000,2008-10-29,0.49,0.43,48385000,35816000,7629000,0.023850366849230132,28187000
2008-12-31,99348000,6324000,2009-02-04,0.37,0.35,45600000,38597000,164000,0.1386842105263158,38433000
2009-03-31,83701000,671000,2009-04-29,0.22,0.13,45083000,11757000,1531000,0.014883659028902247,10226000
2009-06-30,104216000,9730000,2009-07-29,0.42,0.37,45975000,14774000,2443000,0.21163675910821098,12331000
2009-09-30,125913000,22439000,2009-10-28,0.67,0.61,47322000,51624000,3017000,0.47417691559950975,48607000
2009-12-31,127190000,40252000,2010-02-03,1.06,0.62,47800000,42786000,1952000,0.842092050209205,40834000
2010-03-31,126719000,21079000,2010-04-28,0.62,0.56,47926000,31115000,1747000,0.4398238951717231,29368000
2010-06-30,134577000,21047000,2010-07-28,0.72,0.65,47371000,21418000,1564000,0.4443013658145279,19854000
2010-09-30,120154000,18233000,2010-10-27,0.53,0.51,46009000,30949000,3481000,0.3962920298202526,27468000
2010-12-31,111891000,12883000,2011-01-26,0.46,0.35,45700000,34453000,7058000,0.28190371991247265,27395000
2011-03-31,119636000,-1960000,2011-04-27,0.4,0.35,44269000,-2626000,2697000,-0.04427477467302175,-5323000
2011-06-30,126197000,13372000,2011-07-25,0.48,0.45,45951000,28856000,2361000,0.2910056364388153,26495000
2011-09-30,119100000,11255000,2011-10-26,0.44,0.4,43919000,39339000,2414000,0.25626721919897993,36925000
2011-12-31,126692000,12805000,2012-01-25,0.49,0.43,43410000,23173000,1218000,0.29497811564155724,21955000
2012-03-31,125702000,14320000,2012-04-25,0.43,0.41,43850000,26147000,2428000,0.3265678449258837,23719000
2012-06-30,135670000,20509000,2012-07-25,0.51,0.47,43423000,15112000,10586000,0.4723073025815812,4526000
2012-09-30,149461000,10024000,2012-10-24,0.61,0.52,42520000,43060000,86706000,0.23574788334901223,-43646000
2012-12-31,152461000,18695000,2013-01-30,0.61,0.58,42641000,12731000,2323000,0.4384278042259797,10408000
2013-03-31,145375000,20034000,2013-04-24,0.59,0.55,43110000,29508000,3898000,0.46471816283924844,25610000
2013-06-30,141543000,12612000,2013-07-25,0.5,0.5,43269000,36589000,2600000,0.29147888788740206,33989000
2013-09-30,146933000,6531000,2013-10-24,0.45,0.43,43922000,29097000,2486000,0.14869541459860663,26611000
2013-12-31,146236000,10642000,2014-01-29,0.49,0.43,43847000,24956000,1488000,0.24270759687093757,23468000
2014-03-31,145691000,8110000,2014-04-29,0.42,0.42,44056000,46952000,1673000,0.18408389322680224,45279000
2014-06-30,154918000,14279000,2014-07-25,0.58,0.46,44218000,16466000,1666000,0.3229227916233208,14800000
2014-09-30,158144000,5608000,2014-10-23,0.52,0.48,43815000,44169000,2161000,0.1279926965651033,42008000
2014-12-31,161951000,10024000,2015-02-04,0.57,0.47,43137000,29856000,5725000,0.23237591858497345,24131000
2015-03-31,163705000,6378000,2015-04-29,0.54,0.46,43149000,24088000,1991000,0.1478133908085935,22097000
2015-06-30,164856000,7575000,2015-07-29,0.56,0.53,43461000,13115000,2723000,0.17429419479533376,10392000
2015-09-30,156194000,9975000,2015-10-28,0.51,0.43,42795000,50212000,2567000,0.23308797756747285,47645000
2015-12-31,160071000,5658000,2016-02-03,0.63,0.48,42374000,18032000,3987000,0.13352527493274177,14045000
2016-03-31,162025000,5808000,2016-04-27,0.51,0.45,42199000,42409000,2303000,0.1376335932131093,40106000
2016-06-30,174908000,15559000,2016-07-27,0.75,0.64,42284000,18022000,2843000,0.3679642417935862,15179000
2016-09-30,178083000,20018000,2016-10-26,0.77,0.64,42307000,46188000,3399000,0.47316046989859833,42789000
2016-12-31,182610000,20109000,2017-02-01,0.75,0.65,42728000,22291000,2382000,0.470628159520689,19909000
2017-03-31,179028000,15426000,2017-04-26,0.63,0.61,43030000,42013000,4543000,0.3584940739019289,37470000
2017-06-30,190098000,16569000,2017-07-26,0.79,0.71,43178000,38552000,3847000,0.3837370883320209,34705000
2017-09-30,198723000,19949000,2017-10-25,0.9,0.81,43374000,60801000,2104000,0.4599299119288053,58697000
2017-12-31,201018000,-4852000,2018-01-31,0.93,0.86,42656000,48155000,1758000,-0.11374718679669918,46397000
2018-03-31,205384000,26405000,2018-04-25,0.87,0.76,43918000,22212000,4102000,0.6012341181292409,18110000
2018-06-30,217106000,14280000,2018-07-25,0.92,0.84,44294000,28566000,7304000,0.3223912945319908,21262000
2018-09-30,230243000,27761000,2018-10-24,1.01,0.98,44194000,94348000,6861000,0.6281621939629815,87487000
2018-12-31,215534000,15145000,2019-01-30,0.91,0.94,43774000,28416000,6195000,0.34598163293279116,22221000
2019-03-31,188113000,5398000,2019-04-24,0.59,0.47,43716000,32015000,3874000,0.12347881782413761,28141000
2019-06-30,206709000,-16029000,2019-07-24,0.83,0.74,43386000,39339000,5528000,-0.36945097496888396,33811000
2019-09-30,223294000,20181000,2019-10-23,0.96,0.84,44634000,63497000,3371000,0.4521441053905095,60126000
2019-12-31,219438000,9715000,2020-01-29,0.84,0.89,44801000,31671000,3506000,0.2168478382178969,28165000
2020-03-31,214877000,2244000,2020-04-29,0.69,0.51,44388000,59700000,4135000,0.05055420383887537,55565000
2020-06-30,114350000,-1823000,2020-07-29,0.74,0.57,43761000,40803000,4916000,-0.04165809739265556,35887000
2020-09-30,132731000,3162000,2020-10-28,0.73,0.73,44328000,26460000,4538000,0.07133188955062263,21922000
2020-12-31,242917000,8948000,2021-02-03,0.84,0.73,44729000,8755000,5175000,0.20004918509244562,3580000
2021-03-31,255505000,13509000,2021-04-28,0.91,0.8,45832000,14503000,5705000,0.29475039273869785,8798000
2021-06-30,169492000,19932000,2021-07-28,1.05,0.93,45756000,63911000,5074000,0.43561500131130343,58837000
2021-09-30,184831000,2087056000,2021-10-27,0.34,0.15,44634000,39515000,8689000,46.75933145135995,30826000
2021-12-31,208680000,-3098000,2022-02-02,0.77,0.57,41031000,-218373000,9109000,-0.07550388730472082,-227482000
2022-03-31,233814000,22907000,2022-04-27,1.05,0.64,39523000,75209000,4554000,0.5795865698454065,70655000
2022-06-30,263150000,22135000,2022-07-27,1.17,0.88,36604000,-30439000,7768000,0.6047153316577423,-38207000
2022-09-30,269817000,20999000,2022-10-26,1.21,1.07,34779000,13179000,7735000,0.603783892578855,5444000
2022-12-31,257325000,25361000,2023-02-01,1.31,0.98,33265000,13858000,6468000,0.7623929054561852,7390000
2023-03-31,246787000,13967000,2023-04-26,1.12,1.11,33753000,-13280000,7657000,0.41380025479216664,-20937000
2023-06-30,244866000,10956000,2023-07-26,1.04,1.03,32926000,-2220000,5805000,0.33274615805138796,-8025000
2023-09-30,203760000,10348000,2023-11-01,0.62,0.61,32078000,-33385000,5071000,0.32258869006795937,-38456000
2023-12-31,86845000,-69787000,2024-02-07,-1.19,-1.43,31848000,18537000,3749000,-2.191252197940216,14788000
2024-03-31,106375000,-56526000,2024-04-24,-0.92,-0.98,31910000,-71800000,2047000,-1.7714196176747101,-73847000
2024-06-30,145367000,-82157000,2024-07-24,-0.56,-0.64,32124000,16134000,3530000,-2.557495953181422,12604000
2024-09-30,166395000,-28504000,2024-11-04,-0.13,-0.21,32309000,31627000,2208000,-0.8822309573183943,29419000
2024-12-31,166249000,-23823000,2025-02-04,-0.11,-0.11,32420000,10129000,3963000,-0.7348241826033313,6166000
2025-03-31,177714000,-30470000,2025-05-13,-0.08,-0.09,32465000,48128000,4852000,-0.9385492068381334,43276000
2025-06-30,192845000,-21817000,2025-08-05,0.11,0.09,32682000,4908000,8697000,-0.6675540052628358,-3789000
2025-09-30,205999000,-9936000,2025-11-04,0.32,0.31,32835000,34322000,6393000,-0.30260392873458203,27929000
