fiscalDateEnding,totalRevenue,netIncome,reportedDate,reportedEPS,estimatedEPS,commonStockSharesOutstanding,operatingCashflow,capitalExpenditures,eps_computed_simple,freeCashFlow
2005-09-30,3778194000,540803000,2005-10-21,0.43,0.43,1231846000,816024000,399622000,0.43901835131988903,416402000
2005-12-31,3708472000,660554000,2006-01-19,0.53,0.48,1180344000,1099272000,493525000,0.5596283795232576,605747000
2006-03-31,4239017000,722511000,2006-04-21,0.59,0.55,1240694000,565224000,466945000,0.5823442363709344,98279000
2006-06-30,4686775000,856900000,2006-07-21,0.73,0.63,1246077000,1234318000,559739000,0.6876782092920422,674579000
2006-09-30,4954818000,999824000,2006-10-20,0.81,0.77,1243966000,1324317000,725919000,0.8037390089439743,598398000
2006-12-31,5349868000,1130616000,2007-01-19,0.92,0.85,1178453000,1657550000,715204000,0.9594069513166839,942346000
2007-03-31,5464405000,1180827000,2007-04-20,0.96,0.9,1236491000,1016786000,554323000,0.9549822845455406,462463000
2007-06-30,5638762000,1258479000,2007-07-20,1.02,0.96,1240911000,1469755000,740198000,1.0141573408568383,729557000
2007-09-30,5925662000,1353997000,2007-10-19,1.09,1.06,1243808000,1624729000,718532000,1.088590039620263,906197000
2007-12-31,6247713000,1383213000,2008-01-18,1.11,1.13,1195995000,2147668000,1177988000,1.1565374437184102,969680000
2008-03-31,6289873000,1338304000,2008-04-18,1.06,1.12,1233244000,1193278000,751776000,1.0851899542993926,441502000
2008-06-30,6746148000,1419995000,2008-07-18,1.16,1.13,1230000000,1599417000,893187000,1.1544674796747967,706230000
2008-09-30,7258869000,1526362000,2008-10-17,1.25,1.25,1225000000,2161981000,1170193000,1.2460097959183674,991788000
2008-12-31,6857877000,1150140000,2009-01-23,1.03,1.04,1195778000,1943006000,1253028000,0.9618340528091335,689978000
2009-03-31,5999989000,938461000,2009-04-24,0.78,0.73,1210000000,550648000,796483000,0.7755876033057851,-245835000
2009-06-30,5528000000,613000000,2009-07-24,0.68,0.64,1214000000,1513352000,544517000,0.5049423393739704,968835000
2009-09-30,5430000000,787000000,2009-10-23,0.65,0.63,1218000000,1280000000,528000000,0.6461412151067324,752000000
2009-12-31,5747000000,796000000,2010-01-22,0.67,0.64,1195000000,1922000000,756000000,0.6661087866108787,1166000000
2010-03-31,5598000000,672000000,2010-04-23,0.62,0.61,1215000000,989000000,540000000,0.5530864197530864,449000000
2010-06-30,5973000000,818000000,2010-07-23,0.68,0.68,1208000000,1297000000,715000000,0.6771523178807947,582000000
2010-09-30,6845000000,1734000000,2010-10-22,0.7,0.69,1258000000,810000000,893000000,1.3783783783783783,-83000000
2010-12-31,9067000000,1043000000,2011-01-21,0.85,0.78,1376000000,2398000000,766000000,0.7579941860465116,1632000000
2011-03-31,8716000000,944000000,2011-04-21,0.71,0.77,1375000000,836000000,853000000,0.6865454545454546,-17000000
2011-06-30,9621000000,1339000000,2011-07-22,0.87,0.85,1366000000,1250000000,998000000,0.9802342606149341,252000000
2011-09-30,10229000000,1301000000,2011-10-21,0.98,1.01,1357000000,1658000000,1118000000,0.9587324981577008,540000000
2011-12-31,10974000000,1414000000,2012-01-20,1.11,1.09,1347000000,2425000000,1047000000,1.0497401633259094,1378000000
2012-03-31,10611000000,1301000000,2012-04-20,0.98,0.99,1344000000,732000000,1062000000,0.9680059523809523,-330000000
2012-06-30,10448000000,1403000000,2012-07-20,1.05,1.0,1339000000,683000000,1202000000,1.0477968633308439,-519000000
2012-09-30,10608000000,1424000000,2012-10-19,1.08,1.07,1336000000,2097000000,1158000000,1.0658682634730539,939000000
2012-12-31,11174000000,1362000000,2013-01-18,1.08,1.08,1336000000,3176000000,1624000000,1.0194610778443114,1552000000
2013-03-31,10668000000,1259000000,2013-04-19,1.01,0.99,1340000000,1119000000,1011000000,0.9395522388059702,108000000
2013-06-30,11182000000,2095000000,2013-07-19,1.15,1.1,1336000000,2276000000,1011000000,1.5681137724550898,1265000000
2013-09-30,11608000000,1715000000,2013-10-18,1.29,1.24,1333000000,2541000000,1031000000,1.2865716429107277,1510000000
2013-12-31,11906000000,1664000000,2014-01-17,1.35,1.32,1326000000,3850000000,1284000000,1.2549019607843137,2566000000
2014-03-31,11239000000,1592000000,2014-04-17,1.21,1.2,1318000000,1635000000,946000000,1.2078907435508346,689000000
2014-06-30,12054000000,1595000000,2014-07-17,1.37,1.35,1315000000,2584000000,994000000,1.2129277566539924,1590000000
2014-09-30,12646000000,1949000000,2014-10-16,1.49,1.46,1310000000,3087000000,1038000000,1.4877862595419846,2049000000
2014-12-31,12641000000,302000000,2015-01-15,1.5,1.45,1293000000,3913000000,1319000000,0.23356535189481825,2594000000
2015-03-31,10248000000,975000000,2015-04-16,1.06,0.89,1285000000,1770000000,707000000,0.7587548638132295,1063000000
2015-06-30,9010000000,1124000000,2015-07-16,0.88,0.79,1280000000,2081000000,707000000,0.878125,1374000000
2015-09-30,8472000000,989000000,2015-10-15,0.78,0.77,1272000000,2543000000,705000000,0.7775157232704403,1838000000
2015-12-31,7744000000,-1016000000,2016-01-21,0.65,0.62,1264000000,2178000000,777000000,-0.8037974683544303,1401000000
2016-03-31,6520000000,501000000,2016-04-21,0.4,0.39,1259000000,1210000000,716000000,0.397934868943606,494000000
2016-06-30,7164000000,-2160000000,2016-07-21,0.23,0.21,1389000000,1632000000,615000000,-1.5550755939524838,1017000000
2016-09-30,7019000000,176000000,2016-10-20,0.25,0.22,1401000000,1406000000,567000000,0.1256245538900785,839000000
2016-12-31,7107000000,-204000000,2017-01-20,0.27,0.27,1391000000,2013000000,787000000,-0.1466570812365205,1226000000
2017-03-31,6894000000,279000000,2017-04-21,0.25,0.25,1402000000,656000000,497000000,0.19900142653352354,159000000
2017-06-30,7462000000,-74000000,2017-07-21,0.35,0.3,1387000000,858000000,577000000,-0.05335255948089401,281000000
2017-09-30,7905000000,545000000,2017-10-20,0.42,0.42,1392000000,1898000000,631000000,0.3915229885057471,1267000000
2017-12-31,8179000000,-2255000000,2018-01-19,0.48,0.44,1385000000,2251000000,678000000,-1.628158844765343,1573000000
2018-03-31,7829000000,525000000,2018-04-20,0.38,0.37,1394000000,568000000,480000000,0.3766140602582496,88000000
2018-06-30,8303000000,430000000,2018-07-20,0.43,0.43,1392000000,987000000,541000000,0.3089080459770115,446000000
2018-09-30,8504000000,644000000,2018-10-19,0.46,0.45,1392000000,1827000000,581000000,0.46264367816091956,1246000000
2018-12-31,8180000000,538000000,2019-01-18,0.36,0.37,1392000000,2331000000,658000000,0.3864942528735632,1673000000
2019-03-31,7879000000,421000000,2019-04-18,0.3,0.3,1397000000,326000000,458000000,0.3013600572655691,-132000000
2019-06-30,8269000000,492000000,2019-07-19,0.35,0.35,1395000000,1108000000,468000000,0.35268817204301073,640000000
2019-09-30,8541000000,-11383000000,2019-10-18,0.43,0.4,1385000000,1745000000,485000000,-8.218772563176895,1260000000
2019-12-31,8228000000,333000000,2020-01-17,0.39,0.37,1396000000,2252000000,544000000,0.23853868194842406,1708000000
2020-03-31,7455000000,-7376000000,2020-04-17,0.25,0.24,1387000000,784000000,442000000,-5.317952415284787,342000000
2020-06-30,5356000000,-3434000000,2020-07-24,0.05,-0.01,1388000000,803000000,277000000,-2.474063400576369,526000000
2020-09-30,5258000000,-82000000,2020-10-16,0.16,0.13,1391000000,479000000,225000000,-0.05895039539899353,254000000
2020-12-31,5532000000,374000000,2021-01-22,0.22,0.17,1411000000,878000000,273000000,0.26506024096385544,605000000
2021-03-31,5223000000,299000000,2021-04-23,0.21,0.19,1419000000,429000000,185000000,0.21071176885130374,244000000
2021-06-30,5634000000,431000000,2021-07-23,0.3,0.26,1421000000,1220000000,248000000,0.3033075299085151,972000000
2021-09-30,5847000000,550000000,2021-10-22,0.36,0.36,1424000000,1070000000,282000000,0.3862359550561798,788000000
2021-12-31,6225000000,601000000,2022-01-21,0.41,0.39,1430000000,1932000000,465000000,0.42027972027972027,1467000000
2022-03-31,5962000000,510000000,2022-04-22,0.34,0.33,1434000000,131000000,344000000,0.35564853556485354,-213000000
2022-06-30,6773000000,959000000,2022-07-22,0.5,0.4,1436000000,408000000,320000000,0.6678272980501393,88000000
2022-09-30,7477000000,907000000,2022-10-21,0.63,0.55,1439000000,1567000000,382000000,0.6302988186240445,1185000000
2022-12-31,7879000000,1064000000,2023-01-20,0.71,0.68,1442000000,1614000000,592000000,0.7378640776699029,1022000000
2023-03-31,7736000000,934000000,2023-04-21,0.63,0.61,1446000000,330000000,462000000,0.6459197786998617,-132000000
2023-06-30,8099000000,1033000000,2023-07-21,0.72,0.71,1442000000,1608000000,471000000,0.7163661581137309,1137000000
2023-09-30,8310000000,1123000000,2023-10-20,0.78,0.77,1442000000,1677000000,585000000,0.7787794729542302,1092000000
2023-12-31,8990000000,1112000000,2024-01-19,0.86,0.83,1446000000,3022000000,626000000,0.7690179806362379,2396000000
2024-03-31,8710000000,1068000000,2024-04-19,0.75,0.75,1447000000,327000000,428000000,0.7380787836903939,-101000000
2024-06-30,9139000000,1112000000,2024-07-19,0.85,0.83,1443000000,1436000000,525000000,0.7706167706167706,911000000
2024-09-30,9159000000,1186000000,2024-10-18,0.89,0.88,1432000000,2449000000,601000000,0.8282122905027933,1848000000
2024-12-31,9284000000,1095000000,2025-01-17,0.92,0.9,1436000000,2390000000,666000000,0.7625348189415042,1724000000
2025-03-31,8490000000,797000000,2025-04-25,0.72,0.73,1380000000,660000000,398000000,0.577536231884058,262000000
2025-06-30,8546000000,1014000000,2025-07-18,0.74,0.73,1366000000,1142000000,320000000,0.7423133235724744,822000000
2025-09-30,8928000000,739000000,2025-10-17,0.69,0.66,1488000000,1682000000,460000000,0.49663978494623656,1222000000
