fiscalDateEnding,totalRevenue,netIncome,reportedDate,reportedEPS,estimatedEPS,commonStockSharesOutstanding,operatingCashflow,capitalExpenditures,eps_computed_simple,freeCashFlow
2005-09-30,1714500000,431350000,2005-10-20,0.69,0.63,458798000,-83480000,0,0.9401741071233963,-83480000
2005-12-31,2012010000,431035000,2006-01-19,0.63,0.66,412675000,-1220274000,21307881000,1.0444902162718848,-22528155000
2006-03-31,1766148000,151601000,2006-04-20,0.65,0.65,412675000,-200467000,0,0.36736172532864847,-200467000
2006-06-30,2695026000,723778000,2006-07-20,0.72,0.7,454314000,-781673000,0,1.5931228181389965,-781673000
2006-09-30,2252264000,263472000,2006-10-19,0.73,0.72,449841000,925626000,0,0.5857002807658707,925626000
2006-12-31,1942930000,18105000,2007-01-18,0.74,0.75,411040000,864935000,13815598000,0.04404680809653562,-12950663000
2007-03-31,2465766000,116153000,2007-04-24,0.57,0.75,411040000,189816000,0,0.28258320358115996,189816000
2007-06-30,3316120000,966471000,2007-07-17,0.43,0.72,452406000,-499431000,0,2.1362912958714078,-499431000
2007-09-30,2119076000,-343760000,2007-10-11,0.59,0.74,412944000,915740000,0,-0.8324615444224883,915740000
2007-12-31,1270169000,-1635258000,2008-01-23,-0.36,0.55,308154000,-657422000,0,-5.306625907825308,-657422000
2008-03-31,1962725000,-103804000,2008-04-16,0.34,0.38,466580000,222663000,0,-0.2224784602854816,222663000
2008-06-30,2331097000,265736000,2008-07-23,0.27,0.4,466649000,154263000,0,0.5694558436855109,154263000
2008-09-30,1697286000,-158541000,2008-10-22,0.19,0.35,466646000,-3292658000,0,-0.3397457601693789,-3292658000
2008-12-31,1749322000,-216017000,2009-01-21,0.08,0.17,466692000,-2782618000,0,-0.4628684442844531,-2782618000
2009-03-31,1595267000,-21386000,2009-04-22,-0.03,0.12,466761000,-5468158000,0,-0.04581788109974912,-5468158000
2009-06-30,1249991000,-122720000,2009-07-21,0.31,0.04,466799000,-3410766000,0,-0.2628968785280174,-3410766000
2009-09-30,1556541000,159110000,2009-10-20,0.26,0.04,471058000,-5037928000,0,0.33777156953071596,-5037928000
2009-12-31,1815424000,309134000,2010-01-20,0.41,0.44,521740000,-1996857000,0,0.5925058458235903,-1996857000
2010-03-31,1618569000,240140000,2010-04-21,0.39,0.29,484259000,-5549416000,0,0.4958916612804305,-5549416000
2010-06-30,1832169000,337818000,2010-07-20,0.39,0.29,484832000,-3017973000,0,0.6967733152927199,-3017973000
2010-09-30,1359000000,-495000000,2010-10-19,0.35,0.27,485000000,-85183000,0,-1.0206185567010309,-85183000
2010-12-31,1915007000,447371000,2011-01-19,0.75,0.71,528862000,1960078000,0,0.8459125442932183,1960078000
2011-03-31,1486000000,175000000,2011-04-20,0.48,0.4,532000000,758919000,0,0.32894736842105265,758919000
2011-06-30,1132000000,-6000000,2011-07-20,0.48,0.42,524000000,608218000,0,-0.011450381679389313,608218000
2011-09-30,1176000000,-47000000,2011-10-19,0.36,0.34,520000000,706863000,0,-0.09038461538461538,706863000
2011-12-31,1962000000,511000000,2012-01-18,0.51,0.49,514000000,1007000000,0,0.9941634241245136,1007000000
2012-03-31,1369000000,112000000,2012-04-18,0.55,0.52,503000000,555000000,0,0.22266401590457258,555000000
2012-06-30,1602000000,292000000,2012-07-18,0.49,0.54,488000000,470000000,0,0.5983606557377049,470000000
2012-09-30,1433000000,188000000,2012-10-17,0.58,0.54,471000000,804000000,0,0.3991507430997877,804000000
2012-12-31,1680000000,348000000,2013-01-16,0.55,0.53,448684000,807000000,0,0.7756015369391376,807000000
2013-03-31,1616000000,346000000,2013-04-17,0.61,0.61,453231000,529000000,0,0.7634076221617674,529000000
2013-06-30,210942000,76469000,2013-07-17,0.94,0.97,440000000,425000000,0,0.17379318181818182,425000000
2013-09-30,190840000,49390000,2013-10-16,0.6,0.59,436000000,478000000,0,0.11327981651376147,478000000
2013-12-31,1409000000,269000000,2014-01-16,0.61,0.73,429231000,568000000,0,0.6267021720239219,568000000
2014-03-31,203129000,47448000,2014-04-16,0.51,0.55,427000000,558000000,0,0.11111943793911007,558000000
2014-06-30,167272000,44128000,2014-07-23,0.1,0.09,422805000,-789858000,0,0.10436962666004423,-789858000
2014-09-30,264212000,82926000,2014-10-22,0.17,0.17,431604000,-6364000,0,0.1921344565852031,-6364000
2014-12-31,190965000,19717000,2015-01-21,0.03,0.05,432108000,-198551000,0,0.045629796254640045,-198551000
2015-03-31,212655000,47699000,2015-04-22,0.1,0.07,432302000,-19181000,0,0.1103372179633682,-19181000
2015-06-30,287862000,91016000,2015-07-22,0.2,0.2,432742000,-64707000,0,0.2103239343534947,-64707000
2015-09-30,218809000,45724000,2015-10-21,0.1,0.08,432547000,-44944000,0,0.10570874378969222,-44944000
2015-12-31,294385000,89845000,2016-01-20,0.2,0.18,431531000,37629000,0,0.20820056959986652,37629000
2016-03-31,270129000,65915000,2016-04-20,0.14,0.11,430903000,-47780000,0,0.1529694618046289,-47780000
2016-06-30,271066000,57205000,2016-07-20,0.12,0.11,431796000,-58892000,0,0.1324815422097472,-58892000
2016-09-30,295503000,56965000,2016-10-19,0.12,0.11,433523000,-32704000,0,0.1314001794599133,-32704000
2016-12-31,309364000,70242000,2017-01-18,0.15,0.14,435419000,-61556000,0,0.16132047522041987,-61556000
2017-03-31,335456000,94943000,2017-04-19,0.2,0.15,429891000,-3613000,0,0.22085365825290598,-3613000
2017-06-30,349115000,70617000,2017-07-19,0.15,0.16,431245000,-102013000,0,0.16375146378508737,-102013000
2017-09-30,372340000,76371000,2017-10-18,0.17,0.17,438419000,-15695000,0,0.17419637378854474,-15695000
2017-12-31,377490000,47003000,2018-01-17,0.19,0.19,438932000,-45591000,0,0.107084924316295,-45591000
2018-03-31,450765000,126254000,2018-04-23,0.28,0.24,433952000,-14158000,0,0.29094001179853995,-14158000
2018-06-30,469849000,109832000,2018-07-24,0.24,0.23,439445000,-65336000,0,0.2499334387693568,-65336000
2018-09-30,411946000,103878000,2018-10-22,0.23,0.24,440019000,-12906000,0,0.2360761694381379,-12906000
2018-12-31,550897000,147512000,2019-01-23,0.33,0.27,440264000,-10341000,0,0.33505351334653755,-10341000
2019-03-31,582594000,158189000,2019-04-17,0.34,0.3,438248000,16715000,0,0.36095772256804365,16715000
2019-06-30,593113000,150277000,2019-07-24,0.31,0.3,432253000,-79759000,0,0.3476598195963938,-79759000
2019-09-30,607632000,128458000,2019-10-23,0.29,0.25,427336000,-14357000,0,0.30060186831907443,-14357000
2019-12-31,596620000,141352000,2020-01-22,0.33,0.3,425042000,61760000,0,0.33256007641597773,61760000
2020-03-31,867027000,362173000,2020-04-22,0.79,0.83,412755000,144414000,0,0.8774527261935047,144414000
2020-06-30,502258000,-85211000,2020-07-22,-0.22,0.08,375009000,-206559000,0,-0.2272238799602143,-206559000
2020-09-30,492005000,171028000,2020-12-31,1.1327,0.0,377918000,-147006000,0,0.4525531993712922,-147006000
2020-12-31,480487000,432700000,2021-03-31,1.75,0.0,380653000,26482000,0,1.1367308283397215,26482000
2021-03-31,849585000,641207000,2021-06-30,0.44,0.0,366240000,45752000,0,1.7507836391437308,45752000
2021-06-30,487038000,140201000,2021-09-30,0.239,0.0,317119000,-225685000,0,0.44210848293542804,-225685000
2024-12-31,689155000,111553000,2025-02-20,0.49,0.0,216220000,4539000,0,0.5159235963370641,4539000
2025-03-31,862134000,304540000,2025-04-24,1.4,0.0,214986000,-146051000,0,1.416557357223261,-146051000
2025-06-30,683535000,71272000,2025-07-22,0.32,,209282000,-138729000,0,0.34055484943760095,-138729000
