fiscalDateEnding,totalRevenue,netIncome,reportedDate,reportedEPS,estimatedEPS,commonStockSharesOutstanding,operatingCashflow,capitalExpenditures,eps_computed_simple,freeCashFlow
2005-09-30,7615300,1045953,2005-12-21,0.058,,8011564,-3733520,154825,0.13055540715895173,-3888345
2005-12-31,19049477,1046000,2006-02-14,0.0572,,8127000,-2056555,91272,0.12870677986957058,-2147827
2006-03-31,131723000,1090000,2006-05-10,0.0588,,12361500,-15018445,176728,0.0881770011729968,-15195173
2006-06-30,186494000,3286000,2006-08-09,0.1739,,12597000,13079000,76000,0.2608557593077717,13003000
2006-09-30,16647000,-1962000,2006-12-21,-0.1111,,8762044,16000,242000,-0.22392035465697274,-226000
2006-12-31,479657000,-1497000,2007-02-15,-0.0845,,11815500,-42733000,57000,-0.12669798146502476,-42790000
2007-03-31,486240000,681000,2007-05-16,0.0347,,8729000,6681000,251000,0.07801580937106198,6430000
2007-06-30,1411335000,-3742000,2007-08-15,-0.2029,,8197000,-26084000,509000,-0.4565084787117238,-26593000
2007-09-30,2083082000,66000,2007-12-13,0.0036,,8248348,12363000,425000,0.008001602260234412,11938000
2007-12-31,2160630000,12900000,2008-02-12,0.5825,,9857389,-22200000,283000,1.308662973531835,-22483000
2008-03-31,3486800000,6000000,2008-05-13,0.2843,,14911335,-2090000,376000,0.40237845907157205,-2466000
2008-06-30,5766200000,6800000,2008-08-12,0.3193,,14930665,-8933000,330000,0.45543852199483414,-9263000
2008-09-30,6942002000,2077000,2008-12-09,0.1022,,9757877,4611000,111000,0.21285367708570216,4500000
2008-12-31,10534900000,3300000,2009-02-10,0.1608,,14928678,10400000,100000,0.22105105354941676,10300000
2009-03-31,15431100000,4000000,2009-05-11,0.44,0.32,9910130,20600000,1100000,0.4036273994387561,19500000
2009-06-30,7630000000,3600000,2009-08-05,0.38,0.32,10152526,-4400000,700000,0.3545915568204405,-5100000
2009-09-30,10008300000,16700000,2009-12-14,-0.2,0.37,10182586000000,-44000000,900000,1.6400548937175683e-06,-44900000
2009-12-31,7987000000,-4200000,2010-02-16,-0.25,0.14,17225817,130400000,1000000,-0.24382007541354933,129400000
2010-03-31,9054600000,7400000,2010-05-13,0.24,0.11,27725628,-41500000,500000,0.26690107794853196,-42000000
2010-06-30,14192400000,6700000,2010-08-12,0.27,0.19,18527376,59300000,1200000,0.3616270323439218,58100000
2010-09-30,15706300000,-4500000,2010-12-15,-0.1152,,10182586000000,-35200000,2000000,-4.4193095938497354e-07,-37200000
2010-12-31,16270800000,4000000,2011-02-10,0.0965,,18424125,-3100000,1300000,0.21710664685568515,-4400000
2011-03-31,14583000000,15400000,2011-05-11,0.356,,19224588,155800000,2600000,0.8010574790991619,153200000
2011-06-30,20573400000,10400000,2011-08-09,0.55,0.35,19280696,-73100000,3100000,0.539399615034644,-76200000
2011-09-30,24070400000,7500000,2011-12-13,0.39,0.43,18567454000000,129400000,3100000,4.0393260163725195e-07,126300000
2011-12-31,17290400000,-400000,2012-02-08,-0.05,0.47,18163489,33100000,3200000,-0.022022200690627224,29900000
2012-03-31,16951000000,2400000,2012-05-09,0.2,0.25,19187360,-182700000,2600000,0.1250823458777028,-185300000
2012-06-30,17351100000,4700000,2012-08-08,0.28,0.43,28648000,68000000,1100000,0.1640603183468305,66900000
2012-09-30,17668100000,8300000,2012-12-12,0.66,0.33,19156899000000,-10500000,1800000,4.332642772715981e-07,-12300000
2012-12-31,12552800000,13300000,2013-02-06,0.4,0.37,28168012,29200000,1200000,0.47216679686163154,28000000
2013-03-31,11769300000,1500000,2013-05-08,0.06,0.45,28251888,-15100000,1900000,0.05309379677563496,-17000000
2013-06-30,9659100000,3400000,2013-08-07,0.07,0.47,28296060,49300000,800000,0.12015807147708904,48500000
2013-12-31,7908700000,2500000,2014-01-09,0.1,0.65,29037663,42600000,1300000,0.08609508278954818,41300000
2014-03-31,8452900000,7500000,2014-05-07,0.39,0.08,28432692,1900000,1800000,0.26378086183327276,100000
2014-06-30,7005100000,3500000,2014-08-06,0.18,0.27,28400739,-105000000,1000000,0.12323622987415926,-106000000
2014-09-30,10655700000,5800000,2014-12-10,0.29,0.21,19018794,193100000,200000,0.304961502816635,192900000
2014-12-31,13627700000,9400000,2015-02-09,0.49,0.28,28143043,25400000,900000,0.3340079464754398,24500000
2015-03-31,14442000000,13000000,2015-05-06,0.67,0.6,18957780,-21600000,1000000,0.6857343001131989,-22600000
2015-06-30,3995100000,12200000,2015-08-05,0.62,0.63,28627121,900000,5500000,0.42616929589252095,-4600000
2015-09-30,2628400000,21100000,2015-12-09,1.09,0.71,18869427,33200000,1700000,1.1182109557433833,31500000
2015-12-31,3399900000,8800000,2016-02-09,0.68,0.73,18991903,-83400000,5900000,0.46335535728041577,-89300000
2016-03-31,3708900000,14500000,2016-05-04,0.55,0.62,28133175,-63900000,2100000,0.5154057442858831,-66000000
2016-06-30,4868500000,14600000,2016-08-03,0.78,0.52,27483676,115500000,4100000,0.5312244257282032,111400000
2016-09-30,2777600000,16800000,2016-12-14,0.9,1.1,27496121,4000000,3300000,0.6109952745698203,700000
2016-12-31,6074400000,6300000,2017-02-08,0.34,0.62,18484995,-116600000,3000000,0.3408169707376172,-119600000
2017-03-31,5460800000,11000000,2017-05-10,0.58,0.92,18661418,72000000,3100000,0.5894514554038712,68900000
2017-06-30,5505900000,12700000,2017-08-08,0.66,1.04,28053192,29700000,2500000,0.45271140624567785,27200000
2017-09-30,12382500000,-23600000,2017-12-14,-1.27,,18772002,28800000,7500000,-1.2571914279574443,21300000
2017-12-31,7918600000,-6900000,2018-02-07,0.78,0.62,27628608,-184900000,3200000,-0.24974113788143074,-188100000
2018-03-31,6507000000,22700000,2018-05-08,1.15,0.98,18859333,-463500000,3700000,1.2036480823579498,-467200000
2018-06-30,7118300000,24000000,2018-08-06,1.25,0.96,18976898,-396400000,2400000,1.2646956314988889,-398800000
2018-09-30,6078800000,15700000,2018-12-11,0.79,1.01,19110543,13100000,3200000,0.8215360494989599,9900000
2018-12-31,6552200000,18200000,2019-02-06,0.94,,18993046,-213000000,4500000,0.9582454546785176,-217500000
2019-03-31,7192200000,23400000,2019-05-07,1.21,,19004793,76100000,2800000,1.2312683437278165,73300000
2019-06-30,7873000000,16300000,2019-08-09,0.84,0.56,19011526,462500000,3000000,0.8573746263187921,459500000
2019-09-30,11279600000,27200000,2019-12-12,1.4,0.93,19046420,-130000000,1600000,1.4280898982590955,-131600000
2019-12-31,11245000000,16300000,2020-02-05,0.84,0.56,19074562,667600000,1800000,0.8545412471332238,665800000
2020-03-31,20366300000,39300000,2020-05-07,2.0,1.33,19189953,502400000,2700000,2.0479466520840357,499700000
2020-06-30,8243400000,36600000,2020-08-07,1.87,1.25,19103166,37200000,1000000,1.9159127863936272,36200000
2020-09-30,14284900000,77400000,2020-12-09,3.9,1.45,29038361,743400000,11100000,2.6654396919991457,732300000
2020-12-31,9250500000,19500000,2021-02-08,0.98,1.39,19470853,-118800000,22400000,1.0014969554749347,-141200000
2021-03-31,11244800000,55300000,2021-05-10,2.73,1.9,19670539,783800000,17600000,2.8113108644353875,766200000
2021-06-30,10192100000,34200000,2021-08-09,1.67,1.67,19855226,713600000,13900000,1.722468432240459,699700000
2021-09-30,11846800000,7300000,2021-11-29,0.49,1.44,19704481,744100000,8600000,0.37047410687954685,735500000
2021-12-31,14341400000,41700000,2022-02-07,2.2,1.23,19858712,-600200000,7300000,2.099834067788485,-607500000
2022-03-31,16382700000,64000000,2022-05-04,3.11,1.69,30019062,2702200000,17000000,2.1319786740838205,2685200000
2022-06-30,18930900000,49100000,2022-08-03,2.37,1.75,20109992,-2598000000,13300000,2.441572328820419,-2611300000
2022-09-30,16381000000,52300000,2022-11-21,2.49,1.94,20352682,266500000,11700000,2.5696859018383917,254800000
2022-12-31,13011600000,76600000,2023-02-07,2.47,2.13,30749778,1046700000,11300000,2.4910748949146884,1035400000
2023-03-31,16161000000,41700000,2023-05-03,2.12,2.25,30931792,-1649400000,11200000,1.3481275187677455,-1660600000
2023-06-30,15047900000,69500000,2023-08-02,3.25,2.44,30981448,207900000,10300000,2.24327797719461,197600000
2023-09-30,16635600000,50700000,2023-11-15,2.36,2.26,31129733,371100000,14100000,1.6286680004611669,357000000
2023-12-31,19573000000,69100000,2024-02-06,2.13,1.7,31274307,152400000,12700000,2.209481412329936,139700000
2024-03-31,22106100000,53100000,2024-05-09,1.63,1.56,31498943,784000000,17400000,1.6857708526917872,766600000
2024-06-30,27069700000,61900000,2024-08-06,1.88,1.78,31743032,-622100000,18400000,1.950034262637545,-640500000
2024-09-30,31139000000,76700000,2024-11-19,1.55,1.37,32000000,192600000,16700000,2.396875,175900000
2024-12-31,27935300000,85100000,2025-02-05,1.69,1.45,48667000,-477800000,13600000,1.748618160149588,-491400000
2025-03-31,36890700000,71700000,2025-05-07,1.46,1.44,49376000,-154500000,15300000,1.4521224886584576,-169800000
2025-06-30,34828800000,63400000,2025-08-05,1.45,1.44,49303000,1491200000,16000000,1.2859258057319027,1475200000
2025-09-30,32723400000,85700000,2025-11-18,1.57,1.72,52569233,3546100000,20500000,1.630231127777725,3525600000
