fiscalDateEnding,totalRevenue,netIncome,reportedDate,reportedEPS,estimatedEPS,commonStockSharesOutstanding,operatingCashflow,capitalExpenditures,eps_computed_simple,freeCashFlow
2010-09-30,71218000000.0,9897000000.0,2010-12-31,0.962,0,614500000,12908000000.0,10332500000.0,16.105777054515865,2575500000.0
2010-12-31,71218000000.0,9897000000.0,2011-03-31,1.4775,0,614500000,12908000000.0,10332500000.0,16.105777054515865,2575500000.0
2011-06-30,71218000000.0,9897000000.0,2011-09-30,1.428,0,614500000,12908000000.0,10332500000.0,16.105777054515865,2575500000.0
2011-09-30,84723000000.0,11791500000.0,2011-12-31,1.4176,0,606100000,14012000000.0,14580000000.0,19.454710443821153,-568000000.0
2011-12-31,84723000000.0,11791500000.0,2012-03-31,0.9692,0,606100000,14012000000.0,14580000000.0,19.454710443821153,-568000000.0
2012-06-30,84723000000.0,11791500000.0,2012-09-30,1.204,0,606100000,14012000000.0,14580000000.0,19.454710443821153,-568000000.0
2012-12-31,79850000000.0,12157000000.0,2013-03-31,1.2599,0,607100000,8039000000.0,6908500000.0,20.02470762642069,1130500000.0
2013-06-30,90041000000.0,14117000000.0,2013-09-30,1.0374,0,606500000,31001000000.0,16520000000.0,23.276174773289366,14481000000.0
2013-12-31,98268000000.0,12710000000.0,2014-03-10,1.297,0,609500000,24292000000.0,19896000000.0,20.85315832649713,4396000000.0
2014-06-30,104415000000.0,16870000000.0,2014-09-30,1.4129,0,632100000,32931000000.0,18802000000.0,26.688815060908084,14129000000.0
2014-12-31,99837000000.0,19545000000.0,2015-03-09,0.6745,0,617500000,31820000000.0,21345000000.0,31.65182186234818,10475000000.0
2015-06-30,85429000000.0,10171000000.0,2015-09-07,0.433,0,610100000,21855000000.0,23682000000.0,16.671037534830354,-1827000000.0
2015-12-31,84475000000.0,7312000000.0,2016-03-07,11.98,0,610600000,21962000000.0,33559000000.0,11.975106452669506,-11597000000.0
2016-06-30,88467000000.0,5913000000.0,2016-09-12,9.68,0,610800000,22653000000.0,40167000000.0,9.680746561886052,-17514000000.0
2016-09-30,42447500000.0,4338000000.0,2016-12-31,0.5169,0,610800000,6748500000.0,15124000000.0,7.102161100196463,-8375500000.0
2016-12-31,84895000000.0,8676000000.0,2017-02-27,14.2,0,610900000,13497000000.0,30248000000.0,14.201997053527583,-16751000000.0
2017-03-31,4888215000.0,877715000.0,2017-06-30,0.7283,0,610900000,11805500000.0,15017000000.0,1.4367572434113602,-3211500000.0
2017-06-30,87512000000.0,11698000000.0,2017-08-21,19.06,0,613900000,23611000000.0,30034000000.0,19.05522071998697,-6423000000.0
2017-09-30,44076500000.0,3450500000.0,2017-12-31,0.4545,0,613900000,5117000000.0,13867000000.0,5.620622251180974,-8750000000.0
2017-12-31,88153000000.0,6901000000.0,2018-03-15,11.24,0,613800000,10234000000.0,27734000000.0,11.243075920495276,-17500000000.0
2018-03-31,3937711006.08,77143821.74,2018-04-19,0.1078,0,613800000,1015867656.99,1080984132.34,0.1256823423590746,-65116475.349999905
2018-06-30,93308000000.0,1828000000.0,2018-08-20,36.03,0,618000000,24072000000.0,25615000000.0,2.957928802588997,-1543000000.0
2018-09-30,3619817855.76,518302331.31,2018-10-18,0.8248,0,628397600,798234818.38,1070114982.95,0.8247999854073281,-271880164.57000005
2018-12-31,102944000000.0,14740000000.0,2019-02-25,21.45,0,620500000,22701000000.0,30433000000.0,23.755036261079773,-7732000000.0
2019-03-31,0.16,-0.02,2019-04-18,-0.6007,0,620500000,10358500000.0,0.04,-3.2232070910556005e-11,10358499999.96
2019-06-30,100632000000.0,-10442000000.0,2019-09-30,0.2156,0,620100000,19194000000.0,25348000000.0,-16.839219480728914,-6154000000.0
2019-09-30,0.08,0.0,2019-10-28,38.13,0,620100000,6855500000.0,0.02,0.0,6855499999.98
2019-12-31,99170000000.0,4053000000.0,2020-02-24,9.2,0,620673813,13377000000.0,21442000000.0,6.530000001788379,-8065000000.0
2020-03-31,45598500000.0,,2020-04-23,-4.4656,0,620673813,8025000000.0,6851500000.0,,1173500000.0
2020-06-30,91197000000.0,-95807000000.0,2020-08-17,14.79,0,617964635,16384000000.0,13703000000.0,-155.03638003491898,2681000000.0
2020-09-30,,,2020-10-22,0.7925,0,617964635,3580500000.0,3754500000.0,,-174000000.0
2020-12-31,91968000000.0,14491000000.0,2021-02-22,19.16,0,622198368,7161000000.0,7509000000.0,23.290000014914856,-348000000.0
2021-03-31,,,2021-04-29,-0.3078,0,622198368,13464000000.0,4431500000.0,,9032500000.0
2021-06-30,109942000000.0,-5459000000.0,2021-08-16,27.74,0,633401632,26928000000.0,8863000000.0,-8.618544260397485,18065000000.0
2021-09-30,,,2021-10-22,0.0,0,633401632,7942000000.0,5117500000.0,,2824500000.0
2021-12-31,119911000000.0,14978000000.0,2022-02-21,0.0,0,632516891,15884000000.0,10235000000.0,23.680000033390414,5649000000.0
2022-03-31,,,2022-04-25,0.0,0,632516891,12207500000.0,6453500000.0,,5754000000.0
2022-06-30,152835000000.0,23978000000.0,2022-08-23,68.54,0,637283109,24415000000.0,12907000000.0,37.6253499604365,11508000000.0
2022-09-30,,,2022-10-20,0.0,0,637283109,6738000000.0,8159500000.0,,-1421500000.0
2022-12-31,149792000000.0,14577000000.0,2023-02-21,0.0,0,637943107,13476000000.0,16211000000.0,22.850000007916066,-2735000000.0
2023-03-31,,,2023-04-21,0.0,0,637943107,17850000000.0,7203500000.0,,10646500000.0
2023-06-30,137946000000.0,-5778000000.0,2023-08-23,0.0,0,685856893,35700000000.0,14407000000.0,-8.424497965933543,21293000000.0
2023-09-30,68142500000.0,4792000000.0,2023-10-23,0.0,0,630941408,4472000000.0,7935000000.0,7.595000009889984,-3463000000.0
2023-12-31,136285000000.0,9584000000.0,2024-02-26,0.0,0,630941408,8944000000.0,15870000000.0,15.190000019779967,-6926000000.0
2024-03-31,69413000000.0,-26927500000.0,2024-05-29,0.0,0,635058592,14220000000.0,7102000000.0,-42.401599378723155,7118000000.0
2024-06-30,138826000000.0,-53855000000.0,2024-08-20,0.0,0,635058592,28440000000.0,14204000000.0,-84.80319875744631,14236000000.0
2024-12-31,122102000000.0,4600000000.0,2025-02-24,7.18,0,648475000,13865000000.0,14993000000.0,7.093565673310459,-1128000000.0
2025-03-31,68918000000.0,6824000000.0,2025-05-28,0.0,0,648475000,,,10.523150468406646,
2025-06-30,126994000000.0,2167000000.0,2025-08-26,0.0,0,649375000,24480000000.0,10572000000.0,3.3370548604427333,13908000000.0
2025-09-30,68918000000.0,6824000000.0,2025-10-24,0.0,0,649375000,,,10.50856592877767,
