fiscalDateEnding,totalRevenue,netIncome,reportedDate,reportedEPS,estimatedEPS,commonStockSharesOutstanding,operatingCashflow,capitalExpenditures,eps_computed_simple,freeCashFlow
2005-09-30,498689000,45408000,2005-10-19,0.24,0.23,200552000,144658000,9068000,0.22641509433962265,135590000
2005-12-31,569645000,64937000,2006-01-23,0.33,0.3,174068000,91997000,18031000,0.37305535767631043,73966000
2006-03-31,665878000,76049000,2006-04-19,0.38,0.33,201952000,136032000,14585000,0.3765696799239423,121447000
2006-06-30,821247000,96869000,2006-07-19,0.45,0.39,219532000,22104000,33882000,0.44125230034801305,-11778000
2006-09-30,911862000,118723000,2006-10-18,0.54,0.52,219572000,138712000,35645000,0.5407019109904724,103067000
2006-12-31,839800000,105066000,2007-01-23,0.52,0.51,192632000,108104000,44506000,0.5454233979816437,63598000
2007-03-31,865674000,102164000,2007-04-16,0.51,0.48,203274000,148435000,53929000,0.5025925597961373,94506000
2007-06-30,911248000,93942000,2007-07-23,0.51,0.52,197562000,-50267000,101981000,0.47550642330002735,-152248000
2007-09-30,1156593000,100591000,2007-10-16,0.53,0.53,189858000,250199000,99935000,0.5298222882364715,150264000
2007-12-31,1451034000,97870000,2008-01-28,0.5,0.49,189039000,79836000,139353000,0.5177238559239099,-59517000
2008-03-31,1902205000,142557000,2008-04-21,0.72,0.64,199317000,213596000,93764000,0.7152275019190536,119832000
2008-06-30,2403939000,210494000,2008-07-21,1.05,0.93,200345000,55291000,101225000,1.0506576156130674,-45934000
2008-09-30,2563943000,193008000,2008-10-15,0.98,1.1,196859000,77235000,115636000,0.9804377752604656,-38401000
2008-12-31,1210434000,-82673000,2009-01-26,-0.45,-0.33,182000000,429178000,101872000,-0.45424725274725275,327306000
2009-03-31,814650000,-87862000,2009-04-22,-0.48,-0.43,182000000,214695000,74338000,-0.4827582417582418,140357000
2009-06-30,792158000,-15991000,2009-07-22,-0.08,-0.11,189848000,71666000,73166000,-0.08423054232859972,-1500000
2009-09-30,1172196000,69018000,2009-10-19,0.3,0.23,234080000,137662000,95662000,0.2948479152426521,42000000
2009-12-31,1179802000,26651000,2010-02-03,0.12,0.17,216284000,22513000,86886000,0.12322224482624697,-64373000
2010-03-31,1555790000,64969000,2010-04-19,0.29,0.26,234659000,72742000,30684000,0.2768655794152366,42058000
2010-06-30,1632799000,49207000,2010-07-19,0.22,0.24,234600000,19351000,40960000,0.20974850809889173,-21609000
2010-09-30,1584164000,18741000,2010-10-18,0.09,0.1,234543000,89420000,24224000,0.07990432458014096,65196000
2010-12-31,1528134000,7792000,2011-01-24,0.07,0.08,217992000,-12206000,37526000,0.03574443098829315,-49732000
2011-03-31,2015969000,105903000,2011-04-18,0.46,0.41,236224000,3971000,18693000,0.44831600514765646,-14722000
2011-06-30,2079731000,98710000,2011-07-18,0.43,0.39,236266000,165997000,34976000,0.4177918109249744,131021000
2011-09-30,2043455000,43304000,2011-10-17,0.2,0.21,235759000,222463000,38126000,0.18367909602602658,184337000
2011-12-31,1858345000,30203000,2012-01-24,0.14,0.11,218996000,93958000,75212000,0.1379157610184661,18746000
2012-03-31,1982040000,45675000,2012-04-18,0.23,0.21,236526000,21421000,45555000,0.1931077344562543,-24134000
2012-06-30,1909803000,44472000,2012-07-23,0.2,0.19,236208000,100599000,54789000,0.18827474090631985,45810000
2012-09-30,1693390000,12833000,2012-10-17,0.15,0.13,220044000,117366000,58342000,0.058320154150987985,59024000
2012-12-31,1705001000,60571000,2013-01-28,0.2,0.14,236890000,206918000,64839000,0.2556925155135295,142079000
2013-03-31,1795696000,48215000,2013-04-17,0.22,0.2,238087000,29710000,45346000,0.20251000684623688,-15636000
2013-06-30,1801340000,28958000,2013-07-17,0.13,0.13,221736000,32715000,49236000,0.13059674567954685,-16521000
2013-09-30,1911738000,57486000,2013-10-16,0.25,0.24,239001000,183266000,52162000,0.24052619026698632,131104000
2013-12-31,1864150000,54655000,2014-01-27,0.24,0.24,240493000,66484000,40099000,0.22726233195976597,26385000
2014-03-31,1830082000,38579000,2014-04-16,0.16,0.16,241394000,-27247000,24841000,0.15981755967422553,-52088000
2014-06-30,2069761000,72303000,2014-07-21,0.31,0.31,242048000,76014000,33534000,0.2987134783183501,42480000
2014-09-30,2339016000,91173000,2014-10-20,0.47,0.43,242244000,249224000,24531000,0.37636845494625254,224693000
2014-12-31,2517093000,-45031000,2015-01-28,0.36,0.4,240870000,319581000,28879000,-0.1869514675966289,290702000
2015-03-31,2047435000,30761000,2015-04-20,0.17,0.14,242867000,234707000,33351000,0.12665780035986773,201356000
2015-06-30,2005007000,31550000,2015-07-20,0.22,0.22,243491000,309212000,22821000,0.12957357766816843,286391000
2015-09-30,1950923000,60617000,2015-10-19,0.25,0.24,243822000,164378000,30286000,0.2486116921360665,134092000
2015-12-31,1591046000,-253239000,2016-01-25,0.09,0.07,242558000,330186000,28043000,-1.0440348287832188,302143000
2016-03-31,1741301000,62737000,2016-04-20,0.26,0.24,244608000,288899000,27708000,0.25647975536368395,261191000
2016-06-30,2023902000,141969000,2016-07-18,0.58,0.56,245392000,157972000,35686000,0.5785396426941384,122286000
2016-09-30,2101310000,157397000,2016-10-19,0.64,0.65,245682000,196340000,59774000,0.6406533649188789,136566000
2016-12-31,1910596000,20012000,2017-01-24,0.43,0.43,245511000,207407000,74992000,0.08151162269715002,132415000
2017-03-31,2368216000,200817000,2017-04-19,0.83,0.78,244546000,240449000,41677000,0.8211829267295314,198772000
2017-06-30,2390720000,153933000,2017-07-19,0.63,0.63,243021000,81008000,43274000,0.6334143962867407,37734000
2017-09-30,2443382000,153258000,2017-10-18,0.66,0.65,240880000,226148000,42795000,0.6362421122550648,183353000
2017-12-31,2336479000,304733000,2018-01-22,0.54,0.51,238677000,192001000,37189000,1.2767589671396908,154812000
2018-03-31,2603875000,227551000,2018-04-18,0.96,0.91,237723000,177935000,50606000,0.9572107032134038,127329000
2018-06-30,3090525000,362449000,2018-07-23,1.53,1.49,236945000,326033000,55203000,1.5296756631285742,270830000
2018-09-30,3223547000,398375000,2018-10-17,1.69,1.64,235649000,420440000,70668000,1.6905439870315597,349772000
2018-12-31,2903892000,270004000,2019-01-22,1.31,1.21,230455000,491061000,62913000,1.1716126792649324,428148000
2019-03-31,2817435000,204328000,2019-04-22,0.91,0.97,224962000,181553000,54436000,0.9082778424800633,127117000
2019-06-30,2770515000,194302000,2019-07-22,0.87,0.89,222519000,361473000,85120000,0.8731928509475595,276353000
2019-09-30,2526845000,151048000,2019-10-16,0.69,0.69,219109000,444202000,154131000,0.6893737819989137,290071000
2019-12-31,2350196000,121425000,2020-01-22,0.62,0.55,216402000,409062000,158258000,0.5611084925277955,250804000
2020-03-31,2575100000,187340000,2020-04-20,0.88,0.79,214024000,211281000,217535000,0.8753223937502336,-6254000
2020-06-30,2094305000,75496000,2020-07-20,0.47,0.35,211378000,486010000,309716000,0.35716110475073093,176294000
2020-09-30,2330832000,100143000,2020-10-19,0.51,0.47,211926000,151790000,327647000,0.4725375838736163,-175857000
2020-12-31,2601245000,187843000,2021-01-25,0.97,0.82,212052000,137951000,343157000,0.8858346066059268,-205206000
2021-03-31,3544597000,430507000,2021-04-19,2.1,1.91,212254000,262191000,309863000,2.028263307169712,-47672000
2021-06-30,4465308000,702291000,2021-07-19,3.4,3.42,211246000,587230000,277206000,3.3245173873114755,310024000
2021-09-30,5088288000,990763000,2021-10-18,4.96,4.77,204167000,630816000,214629000,4.85270881190398,416187000
2021-12-31,5310657000,1090505000,2022-01-24,5.78,5.72,198794000,723899000,204541000,5.48560318721893,519358000
2022-03-31,5569902000,1103931000,2022-04-20,6.02,5.66,193241000,818968000,159330000,5.712716245517256,659638000
2022-06-30,6212878000,1209554000,2022-07-20,6.73,6.05,187740000,1001852000,164142000,6.442708000426121,837710000
2022-09-30,5651707000,914325000,2022-10-19,5.46,5.09,181613000,1496155000,241229000,5.034468898151564,1254926000
2022-12-31,4826287000,634864000,2023-01-25,4.37,3.79,175892000,1143428000,344201000,3.6093966752325293,799227000
2023-03-31,4893206000,637310000,2023-04-19,4.01,3.52,172479000,733783000,226319000,3.6950005507916908,507464000
2023-06-30,5081630000,812107000,2023-07-19,4.81,4.79,168865000,807806000,358280000,4.809208539365765,449526000
2023-09-30,4587057000,577195000,2023-10-18,3.47,3.43,166105000,1113699000,558361000,3.47488034676861,555338000
2023-12-31,4233423000,424270000,2024-01-23,2.61,2.66,162276000,864640000,514945000,2.6144962902708966,349695000
2024-03-31,4694003000,584041000,2024-04-23,3.67,3.51,159354000,355217000,374310000,3.665053905142011,-19093000
2024-06-30,4632634000,427998000,2024-07-17,2.72,2.67,157579000,382561000,419166000,2.7160852651685823,-36605000
2024-09-30,4341615000,317802000,2024-10-16,2.05,1.99,156528000,759853000,621355000,2.0303204538485127,138498000
2024-12-31,3872138000,207293000,2025-01-22,1.36,1.28,152801000,346872000,453175000,1.356620702744092,-106303000
2025-03-31,4369195000,217151000,2025-04-22,1.44,1.38,150262000,152603000,305506000,1.4451491395030014,-152903000
2025-06-30,4565123000,298726000,2025-07-21,2.01,2.08,149325000,301611000,288331000,2.000508956973045,13280000
2025-09-30,4828215000,403685000,2025-10-20,2.74,2.66,147600000,722608000,165692000,2.7349932249322495,556916000
