fiscalDateEnding,totalRevenue,netIncome,reportedDate,reportedEPS,estimatedEPS,commonStockSharesOutstanding,operatingCashflow,capitalExpenditures,eps_computed_simple,freeCashFlow
2005-09-30,3148664344,341463415,2005-10-27,0.31,0.18,1872000000,401333967,2289000000.0,0.1824056704059829,-1887666033.0
2005-12-31,3503129838,694971014,2006-01-26,0.63,0.47,1876000000,1210991095,864000000.0,0.37045363219616206,346991095.0
2006-03-31,3858010276,713451658,2006-05-04,0.47,0.55,1880000000,715787015,643670290.17,0.3794955627659575,72116724.83000004
2006-06-30,4070273000,1218070273,2006-08-03,0.73,0.59,1884000000,1399104229,1617000000.0,0.6465341151804671,-217895771.0
2006-09-30,4114228233,681792780,2006-10-26,0.65,0.6,1880000000,1285131110,795000000.0,0.3626557340425532,490131110.0
2006-12-31,3787424880,357476633,2007-01-25,0.35,0.46,1882000000,1164283331,1200553279.0,0.1899450759829968,-36269948.0
2007-03-31,3950645756,551199262,2007-04-26,0.49,0.41,1884000000,704566421,1131226937.0,0.29256861040339704,-426660516.0
2007-06-30,4413390011,640807651,2007-07-26,0.51,0.46,1884000000,1300747075,2412000000.0,0.34013144957537156,-1111252925.0
2007-09-30,4665606678,676736560,2007-10-25,0.61,0.65,1876105600,620146108,1417000000.0,0.3607134694337035,-796853892.0
2007-12-31,4927744112,962776111,2008-01-22,0.65,0.75,946000000,1267540396,1586000000.0,1.0177337325581395,-318459604.0
2008-03-31,5988067071,707746117,2008-04-24,0.85,0.7,947500000,853821623,1489000000.0,0.746961601055409,-635178377.0
2008-06-30,7958999593,829432119,2008-07-24,0.87,0.71,953000000,1160222749,1587000000.0,0.8703380052465897,-426777251.0
2008-09-30,8946135831,815414094,2008-10-29,0.98,0.95,953000000,1228450838,1869000000.0,0.8556286400839455,-640549162.0
2008-12-31,7167663828,-214500958,2009-01-20,0.38,0.31,944000000,1219504790,3002000000.0,-0.2272255911016949,-1782495210.0
2009-03-31,4641000000,-189000000,2009-04-23,0.19,0.12,944000000,277000000,1087000000.0,-0.20021186440677965,-810000000.0
2009-06-30,4873000000,-51000000,2009-07-22,0.17,0.29,947000000,152000000,614000000.0,-0.05385427666314678,-462000000.0
2009-09-30,8697000000,929000000,2009-11-06,0.21,0.3,1362000000,673000000,889000000.0,0.6820851688693098,-216000000.0
2009-12-31,8391000000,457000000,2010-02-02,0.2,0.36,1573000000,1473000000,1556000000.0,0.2905276541640178,-83000000.0
2010-03-31,7409000000,716000000,2010-05-04,0.17,0.13,1576000000,266000000,1048000000.0,0.4543147208121827,-782000000.0
2010-06-30,8461000000,480000000,2010-07-29,0.49,0.3,1576000000,1832000000,1518000000.0,0.30456852791878175,314000000.0
2010-09-30,7672000000,1022000000,2010-11-04,0.4,0.41,1574000000,1644000000,1472000000.0,0.6493011435832274,172000000.0
2010-12-31,10198000000,1353000000,2011-02-02,0.59,0.5,1581000000,1744000000,1867000000.0,0.855787476280835,-123000000.0
2011-03-31,9075000000,1028000000,2011-05-03,0.95,0.63,1581000000,2518000000,1602000000.0,0.6502213788741303,916000000.0
2011-06-30,9332000000,562000000,2011-07-28,0.64,0.66,1587000000,2250000000,1941000000.0,0.354127284183995,309000000.0
2011-09-30,10419000000,1287000000,2011-11-03,1.13,0.82,1582000000,2417000000,1519000000.0,0.8135271807838179,898000000.0
2011-12-31,10137000000,1427000000,2012-01-31,0.91,0.9,1567000000,2803000000,1814000000.0,0.9106573069559668,989000000.0
2012-03-31,9639000000,1457000000,2012-04-30,0.85,0.84,1567000000,2474000000,1478000000.0,0.9298021697511167,996000000.0
2012-06-30,9584000000,333000000,2012-07-24,0.81,0.79,1558000000,2809000000,1606000000.0,0.21373555840821565,1203000000.0
2012-09-30,9488000000,1555000000,2012-10-31,0.85,0.74,1538000000,2388000000,1670000000.0,1.0110533159947985,718000000.0
2012-12-31,9127000000,-562000000,2013-02-05,0.65,0.79,1529000000,1175000000,2205000000.0,-0.3675604970568999,-1030000000.0
2013-03-31,9843000000,1094000000,2013-04-29,0.9,0.76,1521000000,2574000000,1485000000.0,0.7192636423405654,1089000000.0
2013-06-30,9648000000,680000000,2013-07-31,0.62,0.63,1507000000,2670000000,1980000000.0,0.45122760451227606,690000000.0
2013-09-30,10288000000,1694000000,2013-10-30,0.95,0.81,1498000000,2520000000,1539000000.0,1.1308411214953271,981000000.0
2013-12-31,9814000000,443000000,2014-02-03,0.66,0.79,1486000000,2336000000,1773000000.0,0.2981157469717362,563000000.0
2014-03-31,10342000000,1485000000,2014-04-28,1.22,0.92,1473000000,1733000000,1490000000.0,1.0081466395112015,243000000.0
2014-06-30,10446000000,211000000,2014-07-30,0.77,1.0,1472000000,2283000000,1763000000.0,0.14334239130434784,520000000.0
2014-09-30,10175000000,919000000,2014-10-29,0.89,0.72,1466000000,2905000000,1808000000.0,0.6268758526603001,1097000000.0
2014-12-31,8899000000,84000000,2015-02-04,0.27,0.36,1450000000,2015000000,1900000000.0,0.057931034482758624,115000000.0
2015-03-31,7129000000,-341000000,2015-04-29,0.12,0.13,1445000000,876000000,1326000000.0,-0.23598615916955018,-450000000.0
2015-06-30,8095000000,729000000,2015-07-29,0.63,0.32,1447000000,1794000000,1575000000.0,0.5038009675190048,219000000.0
2015-09-30,7485000000,-376000000,2015-10-28,0.28,0.18,1446000000,2771000000,1736000000.0,-0.2600276625172891,1035000000.0
2015-12-31,6499000000,-2007000000,2016-02-03,-0.02,0.13,1447000000,1443000000,2030000000.0,-1.387007601935038,-587000000.0
2016-03-31,5644000000,257000000,2016-04-27,-0.33,-0.25,1517000000,48000000,1556000000.0,0.16941331575477916,-1508000000.0
2016-06-30,5914000000,-735000000,2016-07-27,-0.36,-0.28,1592000000,862000000,1761000000.0,-0.46168341708542715,-899000000.0
2016-09-30,7409000000,392000000,2016-10-27,0.21,0.09,1666000000,1979000000,1693000000.0,0.23529411764705882,286000000.0
2016-12-31,7840000000,531000000,2017-02-08,0.38,0.15,1670000000,2791000000,1572000000.0,0.31796407185628744,1219000000.0
2017-03-31,7818000000,1352000000,2017-04-26,0.49,0.31,1673000000,1628000000,1380000000.0,0.8081291093843395,248000000.0
2017-06-30,7231000000,435000000,2017-07-26,0.12,0.23,1672000000,1671000000,1855000000.0,0.26016746411483255,-184000000.0
2017-09-30,7963000000,1289000000,2017-10-25,0.52,0.35,1662000000,2912000000,1695000000.0,0.7755716004813478,1217000000.0
2017-12-31,8973000000,1382000000,2018-02-07,0.79,0.71,1655000000,2755000000,1621000000.0,0.8350453172205438,1134000000.0
2018-03-31,8807000000,789000000,2018-05-01,0.6,0.53,1644000000,724000000,1291000000.0,0.47992700729927007,-567000000.0
2018-06-30,10327000000,972000000,2018-07-25,0.73,0.7,1641000000,2446000000,1762000000.0,0.5923217550274223,684000000.0
2018-09-30,10847000000,1812000000,2018-10-31,0.96,1.0,1628000000,4370000000,1206000000.0,1.113022113022113,3164000000.0
2018-12-31,8561000000,-280000000,2019-02-05,0.36,0.45,1603000000,3040000000,1147000000.0,-0.17467248908296942,1893000000.0
2019-03-31,8983000000,1470000000,2019-05-01,0.77,0.53,1582000000,1548000000,903000000.0,0.9292035398230089,645000000.0
2019-06-30,10071000000,2729000000,2019-07-24,0.8,0.9,1572000000,3433000000,1364000000.0,1.7360050890585241,2069000000.0
2019-09-30,9803000000,1035000000,2019-10-30,0.72,0.72,1554000000,3136000000,1516000000.0,0.666023166023166,1620000000.0
2019-12-31,9487000000,-2335000000,2020-02-05,0.51,0.65,1538000000,2304000000,1775000000.0,-1.5182054616384915,529000000.0
2020-03-31,7391000000,-3525000000,2020-05-05,-0.2,-0.16,1529000000,1384000000,1320000000.0,-2.3054283845650754,64000000.0
2020-06-30,4229000000,-614000000,2020-07-22,-0.98,-0.64,1529000000,-768000000,698000000.0,-0.40156965336821454,-1466000000.0
2020-09-30,6427000000,-12000000,2020-10-28,-0.2,-0.11,1525000000,1245000000,941000000.0,-0.007868852459016393,304000000.0
2020-12-31,6615000000,-168000000,2021-02-03,-0.09,-0.17,1525000000,814000000,967000000.0,-0.11016393442622952,-153000000.0
2021-03-31,8679000000,821000000,2021-05-03,0.49,0.29,1522000000,2345000000,803000000.0,0.5394218134034166,1542000000.0
2021-06-30,9159000000,868000000,2021-07-28,0.48,0.49,1503000000,2086000000,1347000000.0,0.5775116433799069,739000000.0
2021-09-30,10145000000,877000000,2021-10-27,0.7,0.71,1477000000,4718000000,1221000000.0,0.5937711577522004,3497000000.0
2021-12-31,11149000000,1553000000,2022-02-02,0.89,0.94,1453000000,2615000000,1184000000.0,1.0688231245698554,1431000000.0
2022-03-31,13337000000,2949000000,2022-05-09,1.92,1.57,1435000000,3072000000,1030000000.0,2.0550522648083622,2042000000.0
2022-06-30,16135000000,3996000000,2022-08-04,2.71,2.51,1410000000,4235000000,1331000000.0,2.8340425531914892,2904000000.0
2022-09-30,14944000000,-609000000,2022-11-02,1.88,1.83,1349013259,4449000000,1417000000.0,-0.4514410780895075,3032000000.0
2022-12-31,13920000000,2741000000,2023-02-14,1.81,1.76,1350000000,3924000000,1342000000.0,2.0303703703703704,2582000000.0
2023-03-31,11914000000,2052000000,2023-05-08,1.36,1.29,1331000000,1039000000,1128000000.0,1.5416979714500376,-89000000.0
2023-06-30,11719000000,1879000000,2023-08-14,0.96,0.84,1310000000,2803000000,1679000000.0,1.4343511450381679,1124000000.0
2023-09-30,12649000000,1544000000,2023-11-08,1.52,1.33,1302000000,4184000000,1577000000.0,1.1858678955453148,2607000000.0
2023-12-31,12810000000,2820000000,2024-02-21,1.26,1.1,1296000000,4318000000,1552000000.0,2.175925925925926,2766000000.0
2024-03-31,12381000000,1610000000,2024-05-07,1.41,1.29,1290000000,2787000000,1311000000.0,1.248062015503876,1476000000.0
2024-06-30,12889000000,1568000000,2024-08-06,1.27,1.08,1285000000,3829000000,2047000000.0,1.2202334630350196,1782000000.0
2024-09-30,12888000000,2020000000,2024-11-12,1.48,0.78,1271000000,4261000000,1555000000.0,1.5892997639653816,2706000000.0
2024-12-31,12531000000,818000000,2025-02-19,1.25,1.1428,1256000000,5083000000,1570000000.0,0.6512738853503185,3513000000.0
2025-03-31,12323000000,1689000000,2025-05-06,1.31,1.27,1240000000,2156000000,1145000000.0,1.3620967741935484,1011000000.0
2025-06-30,12749000000,1134000000,2025-08-05,0.71,0.73,1226000000,2919000000,1708000000.0,0.9249592169657422,1211000000.0
2025-09-30,12552000000,1619000000,2025-11-11,1.05,1.1,1212000000,3785000000,1484000000.0,1.3358085808580857,2301000000.0
