fiscalDateEnding,totalRevenue,netIncome,reportedDate,reportedEPS,estimatedEPS,commonStockSharesOutstanding,operatingCashflow,capitalExpenditures,eps_computed_simple,freeCashFlow
2005-09-30,13784000,2306000,2005-10-25,0.12,0.14,13426497,1007000,247000,0.17174993596617197,760000
2005-12-31,15391000,2693000,2006-01-31,0.19,0.16,14170237,1709000,172000,0.19004622152755807,1537000
2006-03-31,17858000,2855000,2006-04-24,0.2,0.19,14170237,4673000,356000,0.20147863440816127,4317000
2006-06-30,20346000,3168000,2006-07-31,0.22,0.23,14292319,2220000,367000,0.22165752107827988,1853000
2006-09-30,22928000,3284000,2006-10-30,0.23,0.23,14341277,4272000,178000,0.2289893710302088,4094000
2006-12-31,24874000,3193000,2007-01-30,0.22,0.25,14417329,6967000,648000,0.22146959398651442,6319000
2007-03-31,27049000,3582000,2007-04-30,0.25,0.26,14417329,5491000,364000,0.24845101336038042,5127000
2007-06-30,27833000,3923000,2007-08-06,0.27,0.28,14393184,1289000,290000,0.27255956708397533,999000
2007-09-30,28631000,3854000,2007-10-29,0.27,0.29,14301852,4536000,478000,0.2694755895949699,4058000
2007-12-31,30638000,2981000,2008-02-07,0.2,0.28,14669003,9096000,722000,0.20321762835551946,8374000
2008-03-31,28719000,2827000,2008-04-28,0.19,0.21,14669003,4162000,843000,0.19271930069139667,3319000
2008-06-30,18257000,-4271000,2008-07-23,0.28,0.17,14563000,1559000,272000,-0.2932774840348829,1287000
2008-09-30,26567000,259000,2008-10-23,0.02,0.15,14563919,4177000,1070000,0.01778367484740886,3107000
2008-12-31,13916000,-41194000,2009-01-30,0.09,0.07,14564000,-7322000,1919000,-2.828481186487229,-9241000
2009-03-31,22673000,1210000,2009-04-27,0.03,0.01,14563919,10019000,911000,0.08308203307090625,9108000
2009-06-30,23731000,1107000,2009-07-23,0.11,-0.01,15351843,7198000,353000,0.07210860611328555,6845000
2009-09-30,22978000,1752000,2009-10-26,0.04,-0.01,20411872,9018000,365000,0.08583240184927673,8653000
2009-12-31,24280000,33000,2010-01-27,0.02,0.02,26181291,20936000,867000,0.001260442046192451,20069000
2010-03-31,25459000,2186000,2010-04-26,0.1,0.04,26181281,-12982000,861000,0.08349476864787479,-13843000
2010-06-30,25464000,407000,2010-07-22,0.02,0.07,26759451,8185000,763000,0.0152095795986248,7422000
2010-09-30,25679000,588000,2010-10-21,0.02,0.07,26569565,7617000,1105000,0.02213058437351157,6512000
2010-12-31,26861000,2041000,2011-01-26,0.08,0.07,28058333,2831000,893000,0.07274131360548042,1938000
2011-03-31,28795000,2688000,2011-04-26,0.09,0.11,28058333,13344000,418000,0.0958004169385259,12926000
2011-06-30,29171000,660000,2011-07-21,0.02,0.11,33205741,1816000,353000,0.01987608106682516,1463000
2011-09-30,29363000,2282000,2011-10-20,0.07,0.09,33203662,15274000,619000,0.06872735904852904,14655000
2011-12-31,31713000,3288000,2012-01-23,0.1,0.09,33107037,7206000,716000,0.09931423340602785,6490000
2012-03-31,34721000,3972000,2012-04-24,0.15,0.12,33107037,12316000,869000,0.11997449364012854,11447000
2012-06-30,33976000,3854000,2012-07-23,0.13,0.09,33147791,7148000,900000,0.11626717448532242,6248000
2012-09-30,35059000,3561000,2012-10-23,0.12,0.14,33172852,2297000,1830000,0.1073468147990411,467000
2012-12-31,37658000,5237000,2013-01-23,0.15,0.13,33921763,11281000,1499000,0.15438466449989643,9782000
2013-03-31,44277000,7406000,2013-04-24,0.2,0.22,37772122,24362000,1392000,0.19607053053572154,22970000
2013-06-30,47732000,5592000,2013-07-24,0.15,0.17,37974814,-5744000,3759000,0.1472554941282925,-9503000
2013-09-30,32381000,4788000,2013-10-24,0.13,0.17,38283317,-9205000,1498000,0.12506753268009665,-10703000
2013-12-31,50488000,7324000,2014-01-23,0.17,0.13,38349802,-31188000,2449000,0.1909788217420262,-33637000
2014-03-31,40233000,1627000,2014-04-23,0.01,0.27,38645648,-151407000,1092000,0.04210047144247652,-152499000
2014-06-30,40999000,10322000,2014-07-23,0.05,0.13,37706491,43931000,1676000,0.2737459712175286,42255000
2014-09-30,38340000,24969000,2014-10-30,0.11,-0.07,37708862,44078000,2482000,0.6621520426683786,41596000
2014-12-31,33115000,73278000,2015-01-29,-0.06,0.07,37708862,-73057000,1361000,1.943256733655871,-74418000
2015-03-31,37291000,214000,2015-05-20,-0.06,0.01,38058401,-35338000,2805000,0.005622937232701921,-38143000
2015-06-30,45096000,174000,2015-09-30,-0.15,0.12,38153000,-40319000,1322000,0.004560585012974078,-41641000
2015-09-30,38492000,-5575000,2015-10-29,-0.01,0.02,37758000,-65208000,847000,-0.14765082896339848,-66055000
2015-12-31,92515000,18619000,2016-02-01,-0.03,-0.24,37638000,-94015000,4025000,0.4946862213720176,-98040000
2016-03-31,42339000,-10912000,2016-04-28,-0.28,-0.02,37628000,201733000,1302000,-0.28999681088551077,200431000
2016-06-30,33484000,-31360000,2016-07-28,-0.47,-0.15,37783000,-177489000,2260000,-0.8300029113622529,-179749000
2016-09-30,46636000,-25551000,2016-10-27,-0.03,0.02,47283000,-154322000,675000,-0.5403844933697101,-154997000
2016-12-31,22246000,-28772000,2017-02-09,0.01,0.05,55791000,-87876000,3787000,-0.5157104192432471,-91663000
2017-03-31,52668000,7963000,2017-04-27,0.11,0.06,55752496,-66175000,193000,0.14282768613624042,-66368000
2017-06-30,52404000,18864000,2017-07-27,0.12,0.07,56030035,-50788000,192000,0.3366765699860798,-50980000
2017-09-30,60921000,7281000,2017-10-26,0.19,0.11,56312838,168857000,240000,0.12929556134251305,168617000
2017-12-31,50993000,-12435000,2018-01-25,0.1,0.11,56657000,-108757000,110000,-0.2194786169405369,-108867000
2018-03-31,64402000,14140000,2018-04-26,0.25,0.21,57023000,143038000,144000,0.24797011732108096,142894000
2018-06-30,52400000,6141000,2018-07-26,0.13,0.14,57141219,-76221000,144000,0.10747058091287832,-76365000
2018-09-30,129626000,61277000,2018-10-25,0.24,0.17,57103000,99045000,503000,1.0730959844491532,98542000
2018-12-31,55327000,7119000,2019-01-24,0.13,0.17,56964074,-346103000,1732000,0.12497350523068276,-347835000
2019-03-31,73943000,17930000,2019-04-25,0.31,0.25,56877000,98982000,208000,0.31524166183167185,98774000
2019-06-30,63829000,11350000,2019-07-25,0.21,0.18,57197000,-347824000,390000,0.19843698096053988,-348214000
2019-09-30,81890000,20425000,2019-10-24,0.38,0.27,57413000,412024000,1226000,0.35575566509327156,410798000
2019-12-31,64034000,1854000,2020-01-30,0.18,0.2,57847509,-656403000,188000,0.03204978108910446,-656591000
2020-03-31,68065000,12591000,2020-04-30,0.22,0.21,57927000,-507393000,380000,0.21735978041327877,-507773000
2020-06-30,72265000,20068000,2020-07-30,0.35,0.28,57800000,-47007000,454000,0.34719723183391005,-47461000
2020-09-30,76830000,23254000,2020-10-29,0.4,0.37,58628000,644260000,165000,0.3966364194582793,644095000
2020-12-31,78239000,24171000,2021-01-28,0.41,0.37,59146000,71072000,2739000,0.40866668920975213,68333000
2021-03-31,80997000,25965000,2021-04-29,0.44,0.42,59294000,19738000,331000,0.43790265456875904,19407000
2021-06-30,82841000,29435000,2021-07-29,0.49,0.43,59023000,14059000,953000,0.4987038950917439,13106000
2021-09-30,80088000,28261000,2021-10-28,0.48,0.43,58628000,37595000,47000,0.4820392986286416,37548000
2021-12-31,82938000,26992000,2022-01-27,0.46,0.45,58369000,12500000,312000,0.4624372526512361,12188000
2022-03-31,80966000,28966000,2022-04-28,0.5,0.5,58096000,18385000,1018000,0.4985885431010741,17367000
2022-06-30,89563000,30402000,2022-07-28,0.53,0.51,57454000,21475000,1097000,0.5291537577888398,20378000
2022-09-30,107347000,30604000,2022-10-27,0.54,0.6,57008000,28448000,2380000,0.5368369351669942,26068000
2022-12-31,132650000,40241000,2023-01-26,0.71,0.7,56588000,52674000,639000,0.7111224994698523,52035000
2023-03-31,151165000,49122000,2023-04-27,0.88,0.76,56048000,43135000,3674000,0.8764273479874394,39461000
2023-06-30,155693000,49009000,2023-07-27,0.89,0.88,55270000,29384000,5797000,0.8867197394608286,23587000
2023-09-30,155779000,50137000,2023-10-26,0.93,0.93,54739000,53239000,2898000,0.9159283143645298,50341000
2023-12-31,149062000,44028000,2024-01-25,0.81,0.95,54201000,61353000,320000,0.8123097359827309,61033000
2024-03-31,165191000,56429000,2024-04-25,1.06,1.06,53327000,75230000,1604000,1.0581694076171546,73626000
2024-06-30,168021000,53686000,2024-07-25,1.07,1.07,51337000,16702000,1639000,1.0457564719403158,15063000
2024-09-30,171709000,51517000,2024-10-24,1.04,1.12,49478000,51221000,2050000,1.0412102348518533,49171000
2024-12-31,193734000,55908000,2025-01-30,1.15,1.13,48640000,86183000,607000,1.1494243421052632,85576000
2025-03-31,223444000,57173000,2025-04-24,1.19,1.24,47959000,132500000,2147000,1.1921224379157196,130353000
2025-06-30,226891000,59821000,2025-07-24,1.27,1.28,47565580,85916000,881000,1.2576531180740358,85035000
2025-09-30,216810000,54927000,2025-10-30,1.18,1.33,47209469,78217000,3028000,1.1634742174287112,75189000
