fiscalDateEnding,totalRevenue,netIncome,reportedDate,reportedEPS,estimatedEPS,commonStockSharesOutstanding,operatingCashflow,capitalExpenditures,eps_computed_simple,freeCashFlow
2005-09-30,31966000,5961000,2005-10-26,0.37,0.37,16330035,8613000,860000,0.36503289796990634,7753000
2005-12-31,33497000,6734000,2006-01-31,0.41,0.39,16313843,7357000,913000,0.4127782767064756,6444000
2006-03-31,34426000,6535000,2006-04-26,0.4,0.4,16379595,10883000,614000,0.3989720136547943,10269000
2006-06-30,35910000,6557000,2006-07-26,0.4,0.41,16388855,3248000,1335000,0.4000889628958216,1913000
2006-09-30,38070000,6820000,2006-10-24,0.42,0.41,16365858,11088000,763000,0.41672120092939824,10325000
2006-12-31,38172000,6918000,2007-01-31,0.42,0.43,16302636,7854000,1064000,0.4243485532032979,6790000
2007-03-31,37261000,6444000,2007-04-26,0.39,0.41,16415845,12271000,845000,0.3925475660863026,11426000
2007-06-30,39015000,6755000,2007-07-26,0.41,0.41,16463369,3442000,848000,0.41030484100793707,2594000
2007-09-30,39289000,6793000,2007-10-24,0.42,0.42,16310631,7805000,906000,0.4164768364878097,6899000
2007-12-31,39293000,5701000,2008-01-30,0.35,0.42,16270028,8619000,860000,0.3503989052753935,7759000
2008-03-31,37980000,4048000,2008-04-28,0.25,0.33,16081722,10824000,1223000,0.2517143375566373,9601000
2008-06-30,37612000,2274000,2008-07-24,0.14,0.28,15953288,4787000,197000,0.14254114888416733,4590000
2008-09-30,36763000,6235000,2008-10-29,0.39,0.29,15951668,12319000,237000,0.39086821516094744,12082000
2008-12-31,35844000,4241000,2009-02-03,0.26,0.36,16134342,8857000,125000,0.26285546692886513,8732000
2009-03-31,35497000,2882000,2009-04-29,0.18,0.26,16019488,11827000,332000,0.17990587464468277,11495000
2009-06-30,36428000,2512000,2009-07-28,0.16,0.17,15997437,7323000,470000,0.15702515346677096,6853000
2009-09-30,35682000,2255000,2009-10-29,0.14,0.15,16016000,9292000,621000,0.1407967032967033,8671000
2009-12-31,35055000,2313000,2010-01-26,0.14,0.13,16011000,-2499000,1210000,0.14446318156267565,-3709000
2010-03-31,33483000,1558000,2010-04-27,0.1,0.13,16074000,11484000,1161000,0.09692671394799054,10323000
2010-06-30,33880000,1320000,2010-07-29,0.08,0.11,16108000,10993000,530000,0.0819468587037497,10463000
2010-09-30,34396000,1000,2010-10-29,0.0001,0.1,15973000,12039000,623000,6.260564702936204e-05,11416000
2010-12-31,35508000,3126000,2011-01-26,0.2,0.02,15896000,16670000,842000,0.1966532460996477,15828000
2011-03-31,33784000,2800000,2011-04-28,0.17,0.1,16023000,10315000,88000,0.17474879860200962,10227000
2011-06-30,32718000,2771000,2011-07-26,0.17,0.13,15954000,7033000,2200000,0.173686849692867,4833000
2011-09-30,39195000,6470000,2011-10-28,0.22,0.17,16006000,5319000,217000,0.4042234162189179,5102000
2011-12-31,40098000,6549000,2012-01-30,0.41,0.2,16015000,8997000,845000,0.40892912894161726,8152000
2012-03-31,34862000,3931000,2012-04-30,0.25,0.28,16043000,17953000,938000,0.2450289846038771,17015000
2012-06-30,37989000,5321000,2012-07-27,0.33,0.27,16047000,13345000,3782000,0.33158845890197547,9563000
2012-09-30,36063000,5020000,2012-10-25,0.39,0.28,16052000,-536000,2357000,0.31273361574881636,-2893000
2012-12-31,33764000,4722000,2013-01-28,0.29,0.34,16064685,24113000,3715000,0.2939366691597127,20398000
2013-03-31,35528000,8477000,2013-04-29,0.53,0.33,16091000,12579000,3241000,0.5268162326766516,9338000
2013-06-30,35208000,6325000,2013-07-25,0.39,0.39,16135000,4995000,2459000,0.39200495816547876,2536000
2013-09-30,36037000,7361000,2013-10-29,0.45,0.41,16230000,16058000,1071000,0.45354282193468887,14987000
2013-12-31,34136000,5236000,2014-01-29,0.32,0.42,16333476,7454000,1542000,0.3205686285025919,5912000
2014-03-31,34811000,7365000,2014-04-29,0.45,0.38,16322000,12286000,1577000,0.45123146673201814,10709000
2014-06-30,35585000,4859000,2014-07-28,0.3,0.4,16310000,-885000,906000,0.29791538933169837,-1791000
2014-09-30,37063000,8234000,2014-10-29,0.5,0.35,16331000,10350000,1374000,0.5041944767619864,8976000
2014-12-31,45176000,5650000,2015-01-30,0.25,0.32,22726795,5666000,808000,0.24860522568184384,4858000
2015-03-31,47135000,8336000,2015-04-29,0.36,0.37,22950000,12961000,706000,0.3632244008714597,12255000
2015-06-30,50962000,11366000,2015-07-23,0.49,0.44,22980000,12606000,587000,0.4946040034812881,12019000
2015-09-30,52217000,12694000,2015-10-29,0.55,0.46,23006000,18797000,1524000,0.5517691037120751,17273000
2015-12-31,53076000,11422000,2016-01-28,0.5,0.49,23055900,10453000,2672000,0.49540464696672004,7781000
2016-03-31,51355000,10674000,2016-04-28,0.46,0.48,23046000,4100000,7424000,0.46316063525123663,-3324000
2016-06-30,52833000,9405000,2016-07-28,0.45,0.51,23070000,19518000,1629000,0.40767230169050717,17889000
2016-09-30,52860000,12199000,2016-10-26,0.53,0.48,23099000,15266000,995000,0.5281181003506645,14271000
2016-12-31,55219000,12533000,2017-01-30,0.54,0.48,23115708,9342000,882000,0.5421854264641169,8460000
2017-03-31,54334000,12079000,2017-04-27,0.52,0.49,23232000,19444000,2413000,0.5199294077134986,17031000
2017-06-30,56879000,13589000,2017-07-27,0.58,0.51,23240000,8112000,3472000,0.5847246127366609,4640000
2017-09-30,57418000,11897000,2017-10-30,0.51,0.54,23244000,18261000,4989000,0.5118310101531578,13272000
2017-12-31,58040000,2989000,2018-01-30,0.47,0.56,23289545,9564000,4290000,0.12834084993931827,5274000
2018-03-31,58185000,13910000,2018-04-26,0.62,0.62,23283000,23714000,2200000,0.5974316024567281,21514000
2018-06-30,59215000,15029000,2018-07-26,0.65,0.59,23276000,9230000,1919000,0.6456865440797388,7311000
2018-09-30,75695000,16170000,2018-10-29,0.53,0.5,30291000,26961000,1617000,0.5338219273051401,25344000
2018-12-31,79286000,23211000,2019-01-29,0.76,0.69,30671723,31164000,1699000,0.756755660580268,29465000
2019-03-31,78036000,22726000,2019-04-25,0.74,0.71,30658000,22055000,1650000,0.7412747080696719,20405000
2019-06-30,80432000,23061000,2019-07-25,0.75,0.73,30643000,11814000,936000,0.75256991808896,10878000
2019-09-30,81704000,23395000,2019-10-28,0.76,0.73,30629000,42397000,484000,0.7638186032844689,41913000
2019-12-31,80593000,22890000,2020-01-28,0.75,0.73,30651000,26540000,1223000,0.7467945580894587,25317000
2020-03-31,77005000,16121000,2020-04-29,0.53,0.56,30523000,33617000,761000,0.5281590931428759,32856000
2020-06-30,77611000,7430000,2020-07-28,0.25,0.47,29883000,30088000,505000,0.24863634842552623,29583000
2020-09-30,79261000,17606000,2020-10-26,0.59,0.59,29844000,14879000,1074000,0.5899343251574856,13805000
2020-12-31,83303000,23657000,2021-01-27,0.79,0.69,29863000,36218000,472000,0.7921843083414258,35746000
2021-03-31,82831000,33649000,2021-04-28,1.13,0.8,29905000,41196000,188000,1.1251964554422338,41008000
2021-06-30,82900000,28362000,2021-07-27,0.94,0.92,29904000,17610000,666000,0.9484349919743178,16944000
2021-09-30,83175000,27422000,2021-10-26,0.92,0.93,29851000,41113000,1260000,0.918629191651871,39853000
2021-12-31,85998000,28222000,2022-01-25,0.94,0.91,29870059,32288000,1082000,0.9448257199625886,31206000
2022-03-31,82916000,20374000,2022-04-28,0.73,0.64,30202000,34845000,631000,0.6745910866830012,34214000
2022-06-30,101702000,31364000,2022-07-27,0.93,1.0,33705000,37295000,1592000,0.9305444296098502,35703000
2022-09-30,110460000,37338000,2022-10-26,1.12,1.1,33463000,35851000,907000,1.115799539790216,34944000
2022-12-31,116970000,36343000,2023-01-25,1.09,1.16,33467000,54904000,493000,1.0859353990498102,54411000
2023-03-31,114833000,35833000,2023-04-26,1.07,1.1,33438000,38955000,1213000,1.0716250971948083,37742000
2023-06-30,120997000,24892000,2023-07-26,0.75,0.94,33302000,17241000,2025000,0.7474626148579665,15216000
2023-09-30,126910000,30590000,2023-10-25,0.92,0.88,33319000,46181000,647000,0.9180947807557249,45534000
2023-12-31,130067000,26075000,2024-01-25,0.78,0.83,33352000,36510000,1001000,0.7818121851763012,35509000
2024-03-31,129565000,27749000,2024-04-25,0.83,0.79,33370000,25080000,1028000,0.8315552891818999,24052000
2024-06-30,130911000,29034000,2024-07-25,0.87,0.79,33244000,31810000,982000,0.8733606064252196,30828000
2024-09-30,132104000,29051000,2024-10-24,0.88,0.81,33137000,28577000,1240000,0.8766937260464134,27337000
2024-12-31,131387000,29034000,2025-01-23,0.88,0.78,33162000,24240000,1307000,0.8755201736927809,22933000
2025-03-31,128302000,26363000,2025-04-24,0.8,0.78,33129000,24514000,1687000,0.795768058196746,22827000
2025-06-30,131608000,27542000,2025-07-24,0.84,0.82,32936000,29236000,1028000,0.836227835802769,28208000
2025-09-30,136083000,34019000,2025-10-23,1.04,0.91,32723358,45083000,1870000,1.0395937971891516,43213000
