fiscalDateEnding,totalRevenue,netIncome,reportedDate,reportedEPS,estimatedEPS,commonStockSharesOutstanding,operatingCashflow,capitalExpenditures,eps_computed_simple,freeCashFlow
2005-09-30,150301253.0,65542788.0,2005-11-10,0.03,0.03,262180016,64808987.0,0,0.2499915477921094,64808987.0
2005-12-31,135783485.0,64808987.0,2006-02-22,0.03,0.02,262524784,64808987.0,3951000,0.24686807093992313,60857987.0
2006-03-31,167341331.0,48430332.0,2006-05-17,0.02,0.02,262524784,64808987.0,0,0.1844790852203882,64808987.0
2006-06-30,33994385.0,12143480.0,2006-08-09,0.03,0.03,266160680,,0,0.04562462043604638,
2006-09-30,222383987.0,64641635.0,2006-11-08,0.03,0.03,266934608,,0,0.24216281090086303,
2006-12-31,246104114.1,68218617.79,2007-02-11,0.03,0.03,269938848,68218617.79,125800000,0.25271878536726955,-57581382.20999999
2007-03-31,249103922.0,64902195.0,2007-05-16,0.03,0.03,269938848,68218617.0,0,0.2404329553929192,68218617.0
2007-06-30,308832629.0,88129233.0,2007-08-06,0.04,0.04,271103400,88129233.0,0,0.32507608904941804,88129233.0
2007-09-30,345978629.0,109725256.0,2007-11-07,0.05,0.04,273577568,,0,0.40107548583807867,
2007-12-31,396831748.2,139274881.49,2008-02-27,0.07,0.05,276169216,485600000.0,126800000,0.5043099426765943,358800000.0
2008-03-31,366733153.0,98849438.0,2008-05-14,0.05,0.05,276169216,485600000.0,126800000,0.3579306898564683,358800000.0
2008-06-30,401666706.0,119315541.0,2008-08-13,0.06,0.05,277188128,,0,0.4304496800093834,
2008-09-30,400331634.0,104495442.0,2008-11-17,0.06,0.05,275579584,105360041.0,0,0.3791842649708042,105360041.0
2008-12-31,786884771.07,219658777.36,2009-02-08,0.07,0.06,271656856,590900000.0,165300000,0.8085891171471116,425600000.0
2009-03-31,400577420.0,121392280.0,2009-05-11,0.07,0.05,271656856,590900000.0,165300000,0.44685888582911376,425600000.0
2009-06-30,476286925.0,158858808.0,2009-08-04,0.08,0.07,279784824,,0,0.5677892236213641,
2009-09-30,545429135.0,188516721.0,2009-11-11,0.1,0.08,284818984,,0,0.6618825695972569,
2009-12-31,1100845916.0,311598093.0,2010-02-02,0.1,0.1,292489376,1027600000.0,178100000,1.065331319931429,849500000.0
2010-03-31,586721873.0,190445431.0,2010-05-11,0.1,0.09,292489376,,0,0.6511191401358797,
2010-06-30,695180390.0,235211413.0,2010-08-09,0.12,0.11,303338280,,0,0.7754095955182445,
2010-09-30,812204703.0,320139161.0,2010-11-02,0.16,0.12,304040696,,0,1.0529483888564708,
2010-12-31,787126531.0,302273735.0,2011-02-13,0.15,0.12,304481712,1550200000.0,166000000,0.9927484084824115,1384200000.0
2011-03-31,764523010.0,234908333.0,2011-05-16,0.12,0.11,304481712,,0,0.7715022733450737,
2011-06-30,833027708.0,263702372.0,2011-08-01,0.14,0.13,305901616,,0,0.8620496205551265,
2011-09-30,974700811.0,325280298.0,2011-11-13,0.17,0.16,304823840,,0,1.067109114562693,
2011-12-31,1690356109.0,487432227.0,2012-02-20,0.14,0.14,304426488,1851300000.0,218200000,1.6011491976348655,1633100000.0
2012-03-31,910808391.0,208367342.0,2012-05-16,0.09,0.09,304426488,,0,0.6844586467127657,
2012-06-30,62816657.0,-49383302.0,2012-07-24,0.07,0.04,274270712,,0,-0.18005313669802264,
2012-09-30,1173002544.0,193816797.0,2012-11-05,0.11,0.08,274270712,,0,0.7066623905508365,
2012-12-31,1101355266.0,192552026.0,2013-01-31,0.11,0.06,285752632,1654400000.0,543100000,0.6738416533640187,1111300000.0
2013-03-31,1160508134.0,153471473.0,2013-05-08,0.09,0.06,288120864,,0,0.5326635179047637,
2013-06-30,1244855703.0,210381094.0,2013-07-31,0.12,0.08,292591280,,0,0.7190272177626073,
2013-09-30,1540975612.0,372987716.0,2013-11-05,0.2,0.14,309962784,,0,1.2033306424296408,
2013-12-31,1440406093.0,261479401.0,2014-02-12,0.14,0.12,314322928,405178000.0,107664000,0.8318814114635633,297514000.0
2014-03-31,1581788122.0,115351753.0,2014-05-07,0.06,0.06,315970960,191529406.0,67681497,0.36507074257710265,123847909.0
2014-06-30,1722260930.0,134888180.0,2014-07-30,0.07,0.02,314717512,,0,0.4286008082066943,
2014-09-30,2129570542.0,216924554.0,2014-11-25,0.11,0.1,319245656,,0,0.6794910124008078,
2014-12-31,1913298774.0,-224424706.0,2015-03-19,-0.13,-0.18,280261184,315670000.0,771795000,-0.8007698490276841,-456125000.0
2015-03-31,2314776242.0,-125986681.0,2015-05-13,-0.07,-0.13,281429152,726752930.0,214215472,-0.4476674861316428,512537458.0
2015-06-30,2527136246.0,142778422.0,2015-08-03,0.47,0.04,319525000,715552423.0,197987412,0.4468458555668571,517565011.0
2015-09-30,3181600455.0,2415136281.0,2015-11-18,1.05,0.04,375034992,-1236761761.0,101724641,6.439762508880771,-1338486402.0
2015-12-31,2874055118.0,75727862.0,2016-03-16,0.19,-0.04,394963144,470655000.0,98511000,0.1917339963244773,372144000.0
2016-03-31,4178006556.0,-1578684091.0,2016-06-15,-3.49,-3.62,452729136,2843266324.0,144205905,-3.4870388615766053,2699060419.0
2016-06-30,4411284781.0,-521252533.0,2016-08-31,-1.13,-1.33,461732584,,0,-1.1289056719462536,
2016-09-30,5571866642.0,23917442.0,2016-11-23,0.05,-0.57,507282184,,0,0.047148200260863096,
2016-12-31,5067281835.0,645315988.0,2017-02-22,1.18,-0.1,556669864,759432000.0,98348000,1.159243619482157,661084000.0
2017-03-31,6045000000.0,52000000.0,2017-05-10,0.15,-0.48,547868304,-404964949759.0,56050284619,0.09491332062896633,-461015234378.0
2017-06-30,6415769201.0,326872069.0,2017-08-30,1.49,1.33,554893440,,0,0.5890717846655387,
2017-09-30,8119000000.0,1394000000.0,2017-11-01,2.7,1.56,629040880,,0,2.216072189139758,
2017-12-31,6379123871.0,503573700.0,2018-03-15,1.56,1.01,590762600,1086464000.0,72410000,0.8524129658851118,1014054000.0
2018-03-31,6731000000.0,1060000000.0,2018-05-22,3.48,0.99,606845640,-1634248603.0,479827851,1.746737440512879,-2114076454.0
2018-06-30,7319000000.0,2381000000.0,2018-09-05,1.9,1.36,643395352,2224000000.0,350000000,3.700679516254883,1874000000.0
2018-09-30,9355000000.0,-1139000000.0,2018-11-07,2.88,1.9,548148008,2224000000.0,350000000,-2.0779059366754096,1874000000.0
2018-12-31,7560000000.0,-1190000000.0,2019-03-05,0.9,-0.22,550064416,-3663799253.0,761865393,-2.1633829882207833,-4425664646.0
2019-03-31,8164000000.0,4613000000.0,2019-05-23,2.93,1.65,633744432,-3663799253.0,761865393,7.278959414983862,-4425664646.0
2019-06-30,8691000000.0,-403000000.0,2019-09-09,2.25,2.11,555874112,1534000000.0,19000000,-0.7249842928465069,1515000000.0
2019-09-30,10476000000.0,793000000.0,2019-11-13,3.7,2.02,601626816,0.0,0,1.3180928424573415,0.0
2019-12-31,8335000000.0,2008000000.0,2020-03-18,1.94,0.82,643408064,3575000000.0,465000000,3.1208809966049786,3110000000.0
2020-03-31,4731000000.0,-5353000000.0,2020-05-29,-3.73,-3.63,643408064,3575000000.0,465000000,-8.319758951606799,3110000000.0
2020-06-30,3159000000.0,-476000000.0,2020-09-24,-1.93,-3.12,599749816,,0,-0.7936642701696135,
2020-09-30,5462000000.0,1578000000.0,2020-12-01,2.32,1.09,619856488,,0,2.5457505576677937,
2020-12-31,4964000000.0,1004000000.0,2021-03-03,1.75,0.28,609135912,,0,1.6482364283916986,
2021-03-31,4108000000.0,1780000000.0,2021-05-18,-0.34,-2.12,629540722,,0,2.827458078240092,
2021-06-30,5890000000.0,-647000000.0,2021-09-23,1.13,0.38,635476056,,0,-1.0181343480862795,
2021-09-30,5344000000.0,-849000000.0,2021-12-15,0.81,0.07,643856428,,0,-1.3186169510448686,
2021-12-31,4681000000.0,-834000000.0,2022-03-23,0.48,-0.58,646213517,,0,-1.290595102175803,
2022-03-31,4109000000.0,-989000000.0,2022-06-27,-0.06,-0.55,647812835,,0,-1.5266755250380304,
2022-06-30,4011000000.0,69000000.0,2022-09-21,-0.31,0.16,650906465,,0,0.1060060142435365,
2022-09-30,6892000000.0,266000000.0,2022-12-14,1.58,1.2,653485857,62451962.0,0,0.4070478299578563,62451962.0
2022-12-31,5027000000.0,2057000000.0,2023-03-06,0.76,-0.18,658660803,60705490.0,0,3.1230035105034175,60705490.0
2023-03-31,9198000000.0,3375000000.0,2023-06-07,3.07,1.81,672743729,3175000000.0,111000000,5.016769171548829,3064000000.0
2023-06-30,11247000000.0,631000000.0,2023-09-04,5.11,3.61,671942381,58118797.0,0,0.9390686133845753,58118797.0
2023-09-30,13740000000.0,4615000000.0,2023-11-20,7.26,4.85,674134652,56300460.0,0,6.8458133494671625,56300460.0
2023-12-31,10325000000.0,1297000000.0,2024-02-21,2.74,2.35,668332395,,0,1.9406511037071605,
2024-03-31,11905000000.0,4312000000.0,2024-05-20,6.0,4.09,675933592,2453000000.0,427086293,6.3793249085924995,2025913707.0
2024-06-30,12772000000.0,3833000000.0,2024-08-26,7.25,5.24,687978000,,0,5.571399085435871,
2024-09-30,15873000000.0,6765000000.0,2024-11-18,8.75,6.97,687977626,,0,9.833168615282846,
2024-12-31,12744000000.0,2157000000.0,2025-02-24,4.35,3.9,698171269,,0,3.089499805813407,
2025-03-31,13830000000.0,4277000000.0,2025-05-19,5.96,5.56,702145000,,0,6.091334410983486,
2025-06-30,14843000000.0,4846000000.0,2025-08-27,7.2,6.13,695705000,,0,6.96559605004995,
2025-09-30,18338000000.0,19890000000.0,2025-11-17,27.56,7.98,695036000,,0,28.617222705010963,
