fiscalDateEnding,totalRevenue,netIncome,reportedDate,reportedEPS,estimatedEPS,commonStockSharesOutstanding,operatingCashflow,capitalExpenditures,eps_computed_simple,freeCashFlow
2005-09-30,295300000,15700000,2005-10-27,0.41,0.38,34800000,28400000,4900000,0.4511494252873563,23500000
2005-12-31,310400000,16600000,2006-01-26,0.48,0.41,35100000,32200000,7500000,0.47293447293447294,24700000
2006-03-31,330200000,17900000,2006-04-26,0.51,0.48,35100000,8000000,4400000,0.50997150997151,3600000
2006-06-30,348100000,20900000,2006-07-27,0.59,0.47,35400000,33100000,4800000,0.5903954802259888,28300000
2006-09-30,363600000,22600000,2006-10-26,0.54,0.57,35700000,21400000,7100000,0.6330532212885154,14300000
2006-12-31,391300000,18900000,2007-01-25,0.53,0.49,35800000,15900000,10100000,0.5279329608938548,5800000
2007-03-31,385600000,20500000,2007-04-25,0.57,0.5,35800000,36500000,12300000,0.5726256983240223,24200000
2007-06-30,400300000,24300000,2007-07-26,0.67,0.6,36100000,32400000,10100000,0.6731301939058172,22300000
2007-09-30,408900000,27100000,2007-10-25,0.75,0.71,36200000,54500000,8300000,0.7486187845303868,46200000
2007-12-31,427500000,26600000,2008-01-24,0.73,0.68,36300000,43300000,9600000,0.7327823691460055,33700000
2008-03-31,451800000,27900000,2008-04-23,0.73,0.66,36300000,22600000,8700000,0.768595041322314,13900000
2008-06-30,478800000,32600000,2008-07-24,0.89,0.74,36500000,38500000,9800000,0.8931506849315068,28700000
2008-09-30,497600000,30900000,2008-10-23,0.82,0.78,36700000,51800000,9900000,0.8419618528610354,41900000
2008-12-31,464800000,19900000,2009-01-22,0.84,0.78,36500000,7500000,13500000,0.5452054794520548,-6000000
2009-03-31,440300000,20800000,2009-04-22,0.57,0.55,36500000,-7600000,13100000,0.5698630136986301,-20700000
2009-06-30,441100000,25200000,2009-07-23,0.69,0.67,36600000,35800000,4400000,0.6885245901639344,31400000
2009-09-30,429400000,35100000,2009-10-22,0.96,0.74,36600000,46900000,9300000,0.9590163934426229,37600000
2009-12-31,454400000,32200000,2010-01-28,0.88,0.75,36800000,79800000,9400000,0.875,70400000
2010-03-31,404900000,25000000,2010-04-29,0.68,0.61,36800000,3000000,5300000,0.6793478260869565,-2300000
2010-06-30,408000000,28600000,2010-07-29,0.78,0.7,36900000,47100000,5200000,0.7750677506775068,41900000
2010-09-30,409800000,30300000,2010-10-28,0.79,0.76,36800000,23700000,6900000,0.8233695652173914,16800000
2010-12-31,318600000,36600000,2011-01-27,0.83,0.8,37200000,68000000,13600000,0.9838709677419355,54400000
2011-03-31,468100000,32000000,2011-04-27,0.87,0.73,37200000,3600000,6500000,0.8602150537634409,-2900000
2011-06-30,502900000,152300000,2011-07-28,1.04,0.77,37300000,80300000,11400000,4.083109919571045,68900000
2011-09-30,496400000,34100000,2011-10-27,0.91,0.85,37400000,52900000,9700000,0.9117647058823529,43200000
2011-12-31,474500000,36800000,2012-01-26,0.99,0.86,37200000,79800000,14100000,0.989247311827957,65700000
2012-03-31,494000000,35700000,2012-04-25,0.96,0.92,37200000,-19700000,10600000,0.9596774193548387,-30300000
2012-06-30,518500000,39500000,2012-07-26,1.06,0.99,37300000,69000000,17100000,1.0589812332439679,51900000
2012-09-30,547400000,42700000,2012-10-25,1.22,0.98,37400000,18300000,15300000,1.141711229946524,3000000
2012-12-31,567400000,46200000,2013-01-24,1.17,1.08,37600000,121900000,22300000,1.2287234042553192,99600000
2013-03-31,569400000,40400000,2013-04-24,1.07,0.99,37800000,-56700000,16300000,1.0687830687830688,-73000000
2013-06-30,601000000,42900000,2013-07-25,1.13,1.07,38000000,112800000,20000000,1.1289473684210527,92800000
2013-09-30,571600000,46800000,2013-10-24,1.3,1.14,38100000,49500000,17700000,1.2283464566929134,31800000
2013-12-31,596600000,54900000,2014-01-23,1.4,1.23,38200000,98500000,18600000,1.4371727748691099,79900000
2014-03-31,573500000,45800000,2014-04-23,1.2,1.13,38300000,26400000,11700000,1.195822454308094,14700000
2014-06-30,597100000,56100000,2014-07-24,1.47,1.26,38100000,94000000,8900000,1.4724409448818898,85100000
2014-09-30,601100000,55600000,2014-10-23,1.37,1.3,37800000,79200000,9100000,1.470899470899471,70100000
2014-12-31,622300000,60200000,2015-01-29,1.65,1.37,37200000,88300000,13800000,1.618279569892473,74500000
2015-03-31,565000000,43700000,2015-04-30,1.17,1.19,36500000,16700000,7700000,1.1972602739726028,9000000
2015-06-30,573600000,48300000,2015-07-30,1.34,1.33,36100000,59000000,13600000,1.3379501385041552,45400000
2015-09-30,551700000,48300000,2015-10-29,1.2,1.31,36100000,73500000,10300000,1.3379501385041552,63200000
2015-12-31,600000000,55500000,2016-02-04,1.42,1.29,35400000,61000000,15400000,1.5677966101694916,45600000
2016-03-31,530500000,39000000,2016-05-05,1.1,1.08,34900000,69100000,14200000,1.1174785100286533,54900000
2016-06-30,539700000,46900000,2016-08-04,1.21,1.24,35000000,83600000,16300000,1.34,67300000
2016-09-30,526800000,52000000,2016-11-03,1.32,1.3,35600000,98000000,14400000,1.4606741573033708,83600000
2016-12-31,563000000,53000000,2017-02-02,1.65,1.36,35900000,66300000,42700000,1.4763231197771587,23600000
2017-03-31,566100000,30500000,2017-05-04,1.26,1.17,36100000,53400000,12600000,0.8448753462603878,40800000
2017-06-30,671100000,60100000,2017-08-03,1.74,1.28,36200000,87000000,12300000,1.660220994475138,74700000
2017-09-30,662200000,69000000,2017-11-02,1.96,1.62,36400000,107900000,15600000,1.8956043956043955,92300000
2017-12-31,704400000,67600000,2018-02-01,1.95,1.72,36700000,126400000,18000000,1.8419618528610355,108400000
2018-03-31,695600000,66500000,2018-05-03,1.81,1.55,36800000,71600000,19800000,1.8070652173913044,51800000
2018-06-30,732500000,85900000,2018-08-02,2.32,1.88,37000000,107900000,27400000,2.3216216216216217,80500000
2018-09-30,725300000,90300000,2018-10-24,2.53,2.06,37200000,141900000,20900000,2.4274193548387095,121000000
2018-12-31,748400000,91100000,2019-01-23,2.32,2.19,37200000,125500000,18700000,2.4489247311827955,106800000
2019-03-31,745200000,75300000,2019-04-24,1.99,1.9,37200000,80100000,21300000,2.024193548387097,58800000
2019-06-30,782000000,104600000,2019-07-24,2.68,2.42,37400000,83200000,18100000,2.7967914438502675,65100000
2019-09-30,802200000,106700000,2019-10-23,2.57,2.46,37600000,150900000,25100000,2.8377659574468086,125800000
2019-12-31,834200000,115700000,2020-01-22,2.89,2.72,37800000,167900000,23900000,3.060846560846561,144000000
2020-03-31,784600000,82200000,2020-04-22,2.29,2.1,37800000,76400000,20200000,2.1746031746031744,56200000
2020-06-30,743300000,93700000,2020-07-22,2.68,2.04,37800000,155800000,16600000,2.4788359788359786,139200000
2020-09-30,749000000,93900000,2020-10-21,2.57,2.4,37800000,150300000,15200000,2.484126984126984,135100000
2020-12-31,809300000,132100000,2021-01-27,3.73,3.17,38000000,236400000,19400000,3.4763157894736842,217000000
2021-03-31,805700000,84700000,2021-04-28,3.02,2.56,38000000,124900000,17600000,2.2289473684210526,107300000
2021-06-30,1121000000,64700000,2021-07-28,4.61,2.82,46605286,211300000,20800000,1.3882545426284907,190500000
2021-09-30,1311900000,134100000,2021-10-27,4.34,3.69,47700000,192800000,29200000,2.811320754716981,163600000
2021-12-31,1375700000,161800000,2022-01-27,4.56,4.22,47700000,295600000,34000000,3.392033542976939,261600000
2022-03-31,1321000000,212600000,2022-04-27,4.27,4.08,47700000,-216700000,21000000,4.4570230607966455,-237700000
2022-06-30,1355800000,171300000,2022-07-27,4.43,4.38,47700000,196900000,20800000,3.591194968553459,176100000
2022-09-30,1363600000,178300000,2022-10-26,4.54,4.3,47700000,268900000,16700000,3.737945492662474,252200000
2022-12-31,1418200000,226400000,2023-01-25,4.94,4.54,47800000,237700000,34100000,4.7364016736401675,203600000
2023-03-31,1383300000,178700000,2023-04-26,4.53,4.43,47900000,203000000,24400000,3.730688935281837,178600000
2023-06-30,1424700000,185300000,2023-07-26,4.67,4.64,47900000,190500000,27300000,3.8684759916492695,163200000
2023-09-30,1402500000,198600000,2023-10-25,5.05,4.76,47900000,278200000,23000000,4.146137787056367,255200000
2023-12-31,1425000000,323100000,2024-01-24,5.44,5.04,47900000,164400000,40200000,6.745302713987474,124200000
2024-03-31,1350100000,178500000,2024-04-24,4.55,4.63,48000000,291000000,15900000,3.71875,275100000
2024-06-30,1374100000,180200000,2024-07-24,4.58,4.5,47800000,318700000,17700000,3.7698744769874475,301000000
2024-09-30,1443500000,262000000,2024-10-23,5.1,4.97,47300000,249800000,21100000,5.539112050739957,228700000
2024-12-31,1502300000,198500000,2025-01-22,5.52,5.23,47600000,332400000,29000000,4.170168067226891,303400000
2025-03-31,1449900000,188600000,2025-04-23,4.95,4.92,47300000,242600000,18000000,3.9873150105708244,224600000
2025-06-30,1513700000,209900000,2025-07-23,5.2,5.05,47400000,226600000,30300000,4.428270042194093,196300000
2025-09-30,1539500000,220700000,2025-10-22,5.57,5.47,47500000,343100000,29200000,4.646315789473684,313900000
