fiscalDateEnding,totalRevenue,netIncome,reportedDate,reportedEPS,estimatedEPS,commonStockSharesOutstanding,operatingCashflow,capitalExpenditures,eps_computed_simple,freeCashFlow
2005-09-30,0.0,-1812490,2005-09-30,-118.8472,,15881,-1425145,1009,-114.12946288017127,-1426154
2006-03-31,0.0,-2814988,2006-05-15,-140.62,-140.62,21366,-1775297,8499,-131.75081905831695,-1783796
2006-06-30,0.0,-2271049,2006-08-14,-112.5,-112.5,21374,-2477664,4333,-106.25287732759428,-2481997
2006-09-30,0.0,-1897422,2006-11-14,-84.37,-84.37,21376,-2129563,3040,-88.76412799401197,-2132603
2007-03-31,-69810.0,-2564257,2007-05-15,-119.7278,,21376,-2181090,6267,-119.95962761976048,-2187357
2007-06-30,0.0,-4894400,2007-08-14,-196.87,-56.25,25054,-3909685,2868,-195.35403528378703,-3912553
2007-09-30,0.0,-2669421,2007-11-14,-112.5,-28.12,25099,-2755966,9000,-106.35567154069884,-2764966
2008-03-31,0.0,-1559474,2008-05-20,-62.1028,,25111,-1461625,6267,-62.10322169567122,-1467892
2008-06-30,0.0,-1422212,2008-08-19,-56.6367,,25111,-1442345,8000,-56.637011668193225,-1450345
2008-09-30,0.0,-1394316,2008-12-03,-55.5258,,25111,-620256,9000,-55.52610409780574,-629256
2008-12-31,0.0,127019,2009-02-25,5.0583,,25111,-919783,1,5.058301142925411,-919784
2009-03-31,0.0,-761844,2009-05-19,-30.3389,,25111,-645797,1,-30.339054597586713,-645798
2009-06-30,0.0,-1392437,2009-08-14,-55.4509,,25111,64072,0,-55.45127633308112,64072
2009-09-30,0.0,-416089,2009-11-16,-16.5699,,25111,-140927,0,-16.569989247740033,-140927
2009-12-31,0.0,-222913,2010-03-03,-8.8771,,27603,-327147,0,-8.075680179690613,-327147
2010-03-31,0.0,-1633169,2010-05-24,-54.2688,,30094,-604827,0,-54.26892403801422,-604827
2010-06-30,0.0,1850336,2010-08-16,43.212,,42819,-410811,2844,43.21296620659053,-413655
2010-09-30,0.0,41247,2010-11-15,0.959,,43010,-412732,3000,0.9590095326668217,-415732
2010-12-31,0.0,365231,2011-03-02,9.1816,,45312000,-541743,2844,0.008060359286723164,-544587
2011-03-31,,3832383,2011-05-23,84.5772,,46149,212648,0,83.04368458688162,212648
2011-06-30,0.0,-2982539,2011-08-15,-64.628,,1822154,-98808,0,-1.6368204882792563,-98808
2011-09-30,0.0,-551739,2011-11-14,-9.0455,,2632000,-280228,0,-0.20962727963525835,-280228
2012-03-31,0.0,-10256090,2012-05-21,-2.0266,,5061399,-861634,0,-2.0263350113278955,-861634
2012-06-30,0.0,-1894653,2012-08-09,-0.16,-0.06,11777563,-499785,1399,-0.16086969774646928,-501184
2012-09-30,0.0,-2462239,2012-11-08,-0.16,-0.12,15810299,-2993213,1000,-0.1557363968891417,-2994213
2012-12-31,19048.0,-3459737,2013-03-12,-0.12,-0.13,19776138,-833332,1000,-0.17494502718377067,-834332
2013-03-31,38095.0,-3673611,2013-05-14,-0.17,-0.15,21953803,-2204748,0,-0.16733369612545035,-2204748
2013-06-30,38095.0,-6584552,2013-08-01,-0.29,-0.16,22483394,-2556359,1672,-0.2928629013929125,-2558031
2013-09-30,38096.0,-4556195,2013-11-11,-0.16,-0.22,27684802,-1153970,1627,-0.16457386980770172,-1155597
2013-12-31,38095.0,-5663852,2014-03-05,-0.19,-0.17,29440013,-4909154,2382,-0.1923861922207711,-4911536
2014-03-31,38095.0,-7547249,2014-05-12,-0.25,-0.18,30091000,-8328891,3165,-0.2508141637034329,-8332056
2014-06-30,38095.0,-11986430,2014-07-21,-0.32,-0.24,32985130,-3573115,3000,-0.363388896754386,-3576115
2014-09-30,38096.0,-17451169,2014-11-10,-0.51,-0.32,34188108,-8050975,1333,-0.5104455911979686,-8052308
2014-12-31,38095.0,-18796429,2015-03-11,-0.25,-0.26,38913211,-15106938,14072,-0.4830346434273954,-15121010
2015-03-31,38095.0,-14577735,2015-05-04,-0.39,-0.33,41088752,-8882353,6883,-0.354786511890164,-8889236
2015-06-30,38095.0,-17103183,2015-08-10,-0.38,-0.3,45320637,-12248526,13397,-0.37738178746251955,-12261923
2015-09-30,38096.0,-13655916,2015-11-09,-0.28,-0.34,47946309,-10658732,38914,-0.28481683543148234,-10697646
2015-12-31,38095.0,-17611812,2016-03-07,-0.37,-0.32,48127335,-12900661,16977,-0.36594197455562416,-12917638
2016-03-31,38095.0,-13848662,2016-05-10,-0.28,-0.36,48908278,-16673541,282261,-0.2831557880651615,-16955802
2016-06-30,38095.0,-15899062,2016-08-08,-0.33,-0.28,48769948,-12850521,27795,-0.32600120877717564,-12878316
2016-09-30,38096.0,-24831027,2016-11-07,-0.5,-0.31,49203277,-15042201,12959,-0.5046620573666262,-15055160
2016-12-31,38095.0,-23674143,2017-03-10,-0.48,-0.36,49278068,-17025067,20970,-0.4804194636851429,-17046037
2017-03-31,38095.0,-27727509,2017-05-05,-0.52,-0.38,53157851,-22302364,20970,-0.5216070341143023,-22323334
2017-06-30,38095.0,-28353084,2017-08-09,-0.45,-0.43,63288269,-26829596,2000,-0.44799904386703954,-26831596
2017-09-30,38096.0,-31535652,2017-11-08,-0.48,-0.43,65079128,-22776473,2000,-0.48457397892608517,-22778473
2017-12-31,38095.0,-30859767,2018-03-08,-0.46,-0.44,66572544,-21855129,2000,-0.46355096479413493,-21857129
2018-03-31,38000.0,-41529000,2018-05-08,-0.59,-0.44,70636970,-28043000,24000,-0.5879215940321336,-28067000
2018-06-30,38000.0,-44142000,2018-08-07,-0.59,-0.52,72256348,-34183000,34000,-0.6109082623439535,-34217000
2018-09-30,38000.0,-33951000,2018-11-09,-0.43,-0.54,78221069,-33009000,26000,-0.43403906944815596,-33035000
2018-12-31,38000.0,-53860000,2019-03-01,-0.69,-0.44,81174301,-33690000,6000,-0.663510487142969,-33696000
2019-03-31,38000.0,-35156000,2019-05-10,-0.43,-0.43,81174301,-33351000,14000,-0.43309273460821057,-33365000
2019-06-30,38000.0,-36213000,2019-08-09,-0.42,-0.41,86800017,-35860000,18000,-0.4172003791197414,-35878000
2019-09-30,38000.0,-61930000,2019-11-12,-0.69,-0.34,89667979,-33202000,65000,-0.6906590367114218,-33267000
2019-12-31,38000.0,-39571000,2020-03-02,-0.44,-0.46,95659624,-30393000,34000,-0.41366459897438024,-30427000
2020-03-31,38000.0,-51116000,2020-05-11,-0.48,-0.36,105461892,-62115000,68000,-0.48468692368993344,-62183000
2020-06-30,38000.0,-52884000,2020-08-10,-0.47,-0.34,112353414,-43834000,45000,-0.47069330710324475,-43879000
2020-09-30,38000.0,-87163000,2020-11-09,-0.61,-0.41,119176336,-56532000,89000,-0.7313784172723685,-56621000
2020-12-31,38000.0,-88218000,2021-03-01,-0.71,-0.58,124096131,-52026000,155000,-0.7108843707625341,-52181000
2021-03-31,793000.0,-90628000,2021-05-10,-0.69,-0.49,131898626,-81355000,67000,-0.6871034426090231,-81422000
2021-06-30,1545000.0,-78497000,2021-08-02,-0.59,-0.5,132072996,-60169000,175000,-0.5943455693244061,-60344000
2021-09-30,2030000.0,-85637000,2021-11-04,-0.65,-0.56,132353119,-67201000,79000,-0.647034241784661,-67280000
2021-12-31,2321000.0,-93338000,2022-03-01,-0.7,-0.63,132557597,-86909000,80000,-0.7041316538047985,-86989000
2022-03-31,2016000.0,-69013000,2022-05-10,-0.51,-0.59,134400500,-68689000,7000,-0.5134876730369307,-68696000
2022-06-30,594000.0,-40510000,2022-08-08,-0.3,-0.51,137779904,-49116000,4000,-0.2940196561611772,-49120000
2022-09-30,94000.0,-35818000,2022-11-09,-0.26,-0.34,135327035,-34495000,4000,-0.264677342557605,-34499000
2022-12-31,80000.0,-52994000,2023-02-28,-0.39,-0.26,137108759,-23870000,3000,-0.38651068237004466,-23873000
2023-03-31,7803000.0,-39232000,2023-05-01,-0.28,-0.37,140312269,-59902000,0,-0.2796049146635923,-59902000
2023-06-30,16074000.0,-47610000,2023-08-01,-0.34,-0.25,141503738,-42005000,0,-0.3364575429095732,-42005000
2023-09-30,165815000.0,113930000,2023-11-01,0.73,0.12,155871749,83704000,0,0.7309214192496165,83704000
2023-12-31,43971000.0,-14416000,2024-02-28,-0.1,-0.1,143092594,-13210000,0,-0.10074595474871327,-13210000
2024-03-31,63474000.0,-10707000,2024-05-01,-0.07,-0.04,146209213,-8207000,0,-0.07323067938270074,-8207000
2024-06-30,73466000.0,6879000,2024-08-06,0.04,-0.05,159424000,5536000,0,0.04314908671216379,5536000
2024-09-30,83879000.0,3880000,2024-11-04,0.02,0.03,160714388,-12205000,24000,0.024142206857048792,-12229000
2024-12-31,108185000.0,23331000,2025-02-26,0.15,0.09,160244430,-25641000,21000,0.14559632431529757,-25662000
2025-03-31,120856000.0,5060000,2025-04-29,0.03,0.174,162769202,-28715000,25000,0.031086962016315594,-28740000
2025-06-30,141148000.0,28187000,2025-08-08,0.17,0.19,162559404,7436000,42000,0.17339507470143037,7394000
2025-09-30,161709000.0,390895000,2025-11-03,2.43,0.22,160997977,-23153000,80000,2.4279497623749644,-23233000
