fiscalDateEnding,totalRevenue,netIncome,reportedDate,reportedEPS,estimatedEPS,commonStockSharesOutstanding,operatingCashflow,capitalExpenditures,eps_computed_simple,freeCashFlow
2005-10-31,761323000,43365000,2005-11-28,0.76,0.73,56916818,-22499000,6979000,0.7619013417088777,-29478000
2006-01-31,642047000,31874000,2006-02-28,0.56,0.47,56982007,8094000,7265000,0.5593695567795638,829000
2006-04-30,857615000,51139000,2006-05-23,0.9,0.78,57087096,31285000,4019000,0.8958066460413401,27266000
2006-07-31,805291000,46086000,2006-09-18,0.81,0.82,56918812,120379000,11903000,0.8096795836146404,108476000
2006-10-31,727716000,32598000,2006-11-27,0.58,0.6,55904797,74589000,4076000,0.5830984414450159,70513000
2007-04-30,789643000,35569000,2007-07-03,0.64,0.64,55935718,46975000,1784000,0.6358906486191882,45191000
2007-07-31,754900000,50313000,2007-10-01,0.9,0.67,55904979,101818000,4769000,0.8999735068320123,97049000
2007-10-31,763736000,38209000,2007-11-26,0.68,0.69,55966614,33038000,3087000,0.6827105888521324,29951000
2008-01-31,599170000,21602000,2008-03-10,0.39,0.4,55910429,-12638000,6352000,0.38636798869849487,-18990000
2008-04-30,707931000,27854000,2008-06-03,0.5,0.5,55562644,29106000,2698000,0.5013080371049297,26408000
2008-07-31,569843000,5041000,2008-09-29,0.09,0.3,55731707,72602000,2338000,0.09045120401569613,70264000
2008-10-31,438817000,5120000,2008-12-01,0.09,0.14,55472773,-11992000,1865000,0.09229753125916385,-13857000
2009-01-31,226683000,-14860000,2009-03-09,-0.27,-0.17,55435315,27637000,1697000,-0.2680601706691844,25940000
2009-04-30,415472000,2102000,2009-06-10,0.04,0.1,55468620,-13574000,1515000,0.03789530008137935,-15089000
2009-07-31,440924000,24781000,2009-09-29,0.45,0.23,55476470,46499000,548000,0.4466938866153524,45951000
2009-10-31,502552000,23429000,2009-11-30,0.42,0.35,55516772,18453000,911000,0.4220166114845438,17542000
2010-01-31,430025000,11924000,2010-03-08,0.22,0.28,53762528,-38047000,5862000,0.2217901658195835,-43909000
2010-04-30,680192000,34111000,2010-06-10,0.66,0.6,51586296,18408000,1437000,0.6612415049144059,16971000
2010-07-31,663788000,40600000,2010-09-28,0.78,0.63,53119364,101838000,4087000,0.7643163799928027,97751000
2010-10-31,606684000,23688000,2010-11-29,0.44,0.54,53708104,9694000,16642000,0.4410507583734477,-6948000
2011-01-31,526227000,5688000,2011-03-10,0.1,0.21,55930489,-30913000,9278000,0.10169766261117438,-40191000
2011-04-30,852059000,40008000,2011-06-08,0.72,0.67,55941389,-28568000,2905000,0.7151770936542172,-31473000
2011-07-31,770538000,36889000,2011-09-28,0.66,0.61,55373641,164589000,4924000,0.6661833922027992,159665000
2011-10-31,673000000,22358000,2011-11-28,0.41,0.42,55014007,22341000,2041000,0.40640559048898217,20300000
2012-01-31,596970000,13680000,2012-03-08,0.25,0.24,54625747,13674000,1448000,0.250431357945549,12226000
2012-04-30,926458000,41341000,2012-06-07,0.78,0.79,52970357,1302000,2797000,0.7804553780900514,-1495000
2012-07-31,888232000,44360000,2012-09-26,0.84,0.77,53899848,81524000,3777000,0.8230078867754878,77747000
2012-10-31,875612000,30988000,2012-11-26,0.6,0.62,53035582,14439000,5893000,0.5842869792585664,8546000
2013-01-31,741600000,19896000,2013-03-07,0.37,0.38,53116389,-13106000,4015000,0.37457365559996936,-17121000
2013-04-30,1049201000,43757000,2013-06-06,0.97,0.88,53114475,43365000,4803000,0.8238243906204477,38562000
2013-07-31,914001000,58221000,2013-09-26,1.07,0.95,53196326,100368000,9594000,1.094455282494509,90774000
2013-10-31,799963000,41108000,2013-12-02,0.68,0.7,53299476,5853000,5131000,0.7712646180611606,722000
2014-01-31,635330000,16192000,2014-03-06,0.32,0.36,53353027,-23698000,7540000,0.30348793518313405,-31238000
2014-04-30,1046823000,55122000,2014-06-05,1.03,1.07,53385364,-15705000,6760000,1.0325301893605145,-22465000
2014-07-31,1043340000,66580000,2014-09-25,1.25,1.23,53409543,182811000,10975000,1.2465937033012995,171836000
2014-10-31,921992000,38925000,2014-12-01,0.73,0.81,53433447,50025000,8541000,0.7284763043641934,41484000
2015-01-31,852416000,28648000,2015-03-05,0.57,0.42,53458531,3137000,7620000,0.5358920169355196,-4483000
2015-04-30,1174255000,62845000,2015-06-04,1.19,1.21,53495499,38232000,12853000,1.1747717317301778,25379000
2015-07-31,1058156000,68967000,2015-09-21,1.14,1.3,52724070,156466000,13269000,1.3080742818223252,143197000
2015-10-31,1030351000,50497000,2015-11-30,0.97,0.83,52545560,18892000,15922000,0.9610136422563581,2970000
2016-01-31,975071000,44668000,2016-03-07,0.97,0.62,52561122,32974000,8617000,0.8498296516577405,24357000
2016-04-30,1284054000,78582000,2016-06-06,1.51,1.43,52601673,93042000,14872000,1.4939068572971053,78170000
2016-07-31,1292636000,82772000,2016-09-26,1.57,1.33,52590516,196301000,12565000,1.5738959473225171,183736000
2016-10-31,1708531000,78745000,2016-11-28,1.49,1.23,52705942,1263000,26164000,1.4940440681242355,-24901000
2017-01-31,1588525000,64782000,2017-03-06,1.23,1.22,52740959,51553000,24760000,1.2283053101101176,26793000
2017-04-30,2015224000,111263000,2017-06-05,2.11,1.89,52773106,130018000,28532000,2.1083276773589943,101486000
2017-07-31,1934672000,119464000,2017-09-27,2.26,1.95,52814395,236499000,35571000,2.2619590738471964,200928000
2017-10-31,2231668000,128406000,2017-11-27,2.43,1.84,52818363,13415000,34283000,2.4310863250343444,-20868000
2018-01-31,1971560000,79752000,2018-03-07,1.92,1.79,52861140,43430000,28720000,1.5087075307115965,14710000
2018-04-30,2251570000,133788000,2018-06-06,2.53,2.58,52853541,140340000,37018000,2.5312968150989166,103322000
2018-07-31,1874111000,88205000,2018-09-20,1.67,2.03,52881088,269323000,38176000,1.6679876178039301,231147000
2018-10-31,1755976000,13953000,2018-12-06,1.28,1.67,52899603,-15834000,34453000,0.2637637942197789,-50287000
2019-01-31,1290576000,-5417000,2019-03-06,0.65,1.05,52867687,150464000,20349000,-0.10246334400822188,130115000
2019-04-30,2506583000,32684000,2019-06-10,1.65,1.64,55166067,41172000,28947000,0.5924656546568745,12225000
2019-07-31,2311623000,92055000,2019-09-30,1.7,1.43,55211141,332217000,46475000,1.667326527448509,285742000
2019-10-31,2158785000,51065000,2019-12-09,1.65,1.23,55224655,-51997000,31220000,0.9246775738119143,-83217000
2020-01-31,2003133000,28673000,2020-03-09,0.66,0.7,55396116,57295000,21638000,0.5175994649155548,35657000
2020-04-30,1681735000,24068000,2020-06-08,0.43,-0.26,55392982,231971000,24444000,0.43449547453502324,207527000
2020-07-31,2324280000,119168000,2020-09-28,2.14,1.34,55576318,303672000,29395000,2.1442226525334047,274277000
2020-10-31,2537360000,113757000,2020-12-08,2.05,1.56,55554682,-81290000,24708000,2.0476581973774954,-105998000
2021-01-31,2727788000,132524000,2021-03-09,2.38,1.55,55568667,-7276000,23389000,2.3848691565698346,-30665000
2021-04-30,3459264000,183311000,2021-06-08,3.29,2.34,55723378,263639000,33065000,3.289660580160808,230574000
2021-07-31,3592968000,230280000,2021-09-28,4.12,2.92,55903339,351409000,47673000,4.11925305570746,303736000
2021-10-31,3958224000,242242000,2021-12-08,4.34,3.24,55790712,41792000,43224000,4.341977209396432,-1432000
2022-01-31,3875018000,266568000,2022-03-09,4.79,3.39,55649445,256260000,74580000,4.79012863470606,181680000
2022-04-30,4657517000,348051000,2022-06-08,6.32,4.77,55068783,339497000,52898000,6.320295838024966,286599000
2022-07-31,3821766000,280943000,2022-09-28,5.15,3.89,54543061,352704000,71655000,5.150847694448245,281049000
2022-10-31,3108084000,136185000,2022-12-07,2.53,1.81,53928751,94016000,55883000,2.5252763595433536,38133000
2023-01-31,2346635000,27080000,2023-03-07,0.5,0.99,53810910,91305000,45102000,0.503243673076705,46203000
2023-04-30,2928820000,120719000,2023-06-06,2.24,1.06,53820400,288799000,49481000,2.2429970791744394,239318000
2023-07-31,2738066000,90287000,2023-09-25,1.68,0.96,53868996,507513000,57728000,1.6760475728933206,449785000
2023-10-31,2500759000,53565000,2023-12-06,0.99,0.98,53853719,59668000,38211000,0.9946388289358438,21457000
2024-01-31,2207605000,7217000,2024-03-06,0.35,0.67,53650583,-103868000,40690000,0.13451857550177973,-144558000
2024-04-30,2801391000,114511000,2024-06-05,2.13,1.86,53722154,251732000,27168000,2.1315414865904296,224564000
2024-07-31,2534167000,90015000,2024-09-24,1.68,1.3,53722000,338016000,33566000,1.6755705297643424,304450000
2024-10-31,2142784000,-1832000,2024-12-04,-0.03,0.707,52975000,30740000,25273000,-0.03458235016517225,5467000
2025-01-31,2018107000,-551000,2025-03-04,-0.01,0.2642,53209000,30842000,26265000,-0.010355391005281062,4577000
2025-04-30,2894816000,135185000,2025-06-03,2.53,2.15,53433000,257667000,33512000,2.5299908296371156,224155000
2025-07-31,2523783000,125757000,2025-09-24,2.36,1.25,53285322,258673999,37937000,2.360068312996213,220736999
2025-10-31,2389123000,21669000,2025-12-03,0.41,-0.0684,52975577,-44867000,31581000,0.4090375457354622,-76448000
