fiscalDateEnding,totalRevenue,netIncome,reportedDate,reportedEPS,estimatedEPS,commonStockSharesOutstanding,operatingCashflow,capitalExpenditures,eps_computed_simple,freeCashFlow
2011-03-31,115914000,41448000,2011-06-01,-0.1598,,27647854,32560000,1799000,1.499139860909277,30761000
2011-06-30,64618000,-4966000,2011-08-04,0.2,0.13,27738534,-20378000,2379000,-0.17902892777246268,-22757000
2011-09-30,68023000,3814000,2011-11-14,0.19,0.16,31262300,5596000,1888000,0.12199998080755414,3708000
2011-12-31,68837000,6933000,2012-02-09,0.23,0.2,31216493,8301000,1912000,0.22209413466144323,6389000
2012-03-31,69037000,6249000,2012-06-01,0.21,0.19,30454000,11774000,2704000,0.20519471990543114,9070000
2012-06-30,67213000,6600000,2012-08-07,0.23,0.21,31410000,1600000,1268000,0.21012416427889208,332000
2012-09-30,67358000,6987000,2012-11-08,0.26,0.27,31641000,12225000,1612000,0.22082108656489996,10613000
2012-12-31,76750000,7738000,2013-02-07,0.24,0.29,31871000,12319000,2365000,0.24279125223557466,9954000
2013-03-31,71662000,5649000,2013-06-05,0.18,0.24,31986000,15226000,1019000,0.1766085162258488,14207000
2013-06-30,65600000,-6938000,2013-08-08,0.23,0.22,31342078,6161000,617000,-0.22136375258845314,5544000
2013-09-30,72783000,10572000,2013-11-07,0.3,0.28,32105711,10891000,848000,0.32928720999201666,10043000
2013-12-31,71465000,12583000,2014-02-06,0.37,0.36,32224559,19512000,973000,0.39047857877589576,18539000
2014-03-31,67475000,9582000,2014-05-29,0.3,0.32,32318000,9550000,929000,0.29649111949996904,8621000
2014-06-30,67667000,11534000,2014-08-07,0.26,0.26,32339937,6120000,751000,0.3566488085613772,5369000
2014-09-30,79033000,11748000,2014-11-04,0.36,0.32,32439602,11544000,876000,0.36214994253012106,10668000
2014-12-31,87622000,15603000,2015-02-03,0.48,0.38,32455463,16423000,2521000,0.48075111422690225,13902000
2015-03-31,74256000,10501000,2015-05-27,0.28,0.32,32469000,17644000,1927000,0.3234161815885922,15717000
2015-06-30,65223000,4429000,2015-08-05,0.18,0.24,32492004,3979000,3783000,0.13631045964416352,196000
2015-09-30,69934000,6896000,2015-11-04,0.26,0.31,32535384,7620000,2883000,0.21195385307270387,4737000
2015-12-31,74427000,8480000,2016-02-03,0.25,0.32,32597000,23449000,2798000,0.26014663926128173,20651000
2016-03-31,72344000,3204000,2016-05-25,0.2,0.19,32607000,12872000,3117000,0.09826110957769804,9755000
2016-06-30,63396000,2526000,2016-08-03,0.08,0.15,32694000,-7034000,2009000,0.0772618829142962,-9043000
2016-09-30,68812000,3506000,2016-11-02,0.1,0.14,32610935,9254000,1805000,0.10750995026668202,7449000
2016-12-31,64340000,5358000,2017-02-08,0.16,0.17,32651930,10235000,1612000,0.1640944348465772,8623000
2017-03-31,67582000,3251000,2017-05-24,0.1,0.13,32759000,13985000,2944000,0.09923990353795903,11041000
2017-06-30,51736000,479000,2017-08-02,0.01,0.04,32861203,5501000,1805000,0.014576459662782279,3696000
2017-09-30,61631000,4778000,2017-10-23,0.15,0.11,32789521,7042000,3082000,0.14571728571454276,3960000
2017-12-31,92660000,599000,2018-02-08,0.24,0.19,32914000,-1355000,1295000,0.018198942699155375,-2650000
2018-03-31,102582000,6057000,2018-05-24,0.22,0.19,32967000,10727000,3826000,0.18372918372918373,6901000
2018-06-30,88902000,3042000,2018-08-01,0.24,0.14,32935832,-4222000,2866000,0.09236141355105285,-7088000
2018-09-30,90154000,3227000,2018-10-31,0.22,0.24,33102803,6338000,2836000,0.09748419189758643,3502000
2018-12-31,119356000,9719000,2019-01-30,0.4,0.35,33116481,7730000,3106000,0.29347924980314183,4624000
2019-03-31,114230000,6768000,2019-06-06,0.32,0.33,33167000,13381000,3228000,0.20405825067084754,10153000
2019-06-30,91712000,1471000,2019-08-08,0.15,0.22,33051923,3399000,1726000,0.044505731179393104,1673000
2019-09-30,102935000,6912000,2019-11-05,0.29,0.22,33244387,26651000,2113000,0.20791479776721405,24538000
2019-12-31,100468000,6522000,2020-02-06,0.28,0.42,33258937,22305000,2862000,0.19609766842518148,19443000
2020-03-31,88371000,-2968000,2020-06-01,0.01,0.17,33289000,18371000,4154000,-0.08915858091261378,14217000
2020-06-30,56848000,-6085000,2020-08-06,-0.11,-0.12,32986451,3352000,2059000,-0.18446967817180454,1293000
2020-09-30,66406000,1838000,2020-11-05,0.12,0.07,33417654,9252000,2073000,0.05500086870251275,7179000
2020-12-31,79604000,6175000,2021-02-04,0.3,0.24,33419573,2875000,576000,0.18477195983323905,2299000
2021-03-31,73323000,-763000,2021-05-27,0.03,0.19,33207000,14810000,3424000,-0.022977083145120005,11386000
2021-06-30,71155000,-340000,2021-08-05,0.07,0.03,33259804,2477000,873000,-0.010222549717971879,1604000
2021-09-30,81322000,477000,2021-11-09,0.12,0.11,33592824,7974000,1182000,0.014199461170635728,6792000
2021-12-31,100613000,11270000,2022-02-03,0.37,0.35,33658104,3295000,865000,0.33483763672487316,2430000
2022-03-31,102584000,8685000,2022-05-26,0.31,0.28,33705000,15008000,2300000,0.2576769025367156,12708000
2022-06-30,95442000,6556000,2022-08-04,0.25,0.11,33567284,11860000,1617000,0.19530921834486223,10243000
2022-09-30,100557000,10984000,2022-11-03,0.38,0.2,33773475,671000,1997000,0.32522563935159177,-1326000
2022-12-31,122110000,8425000,2023-02-02,0.52,0.37,33879733,19074000,1559000,0.24867374249968263,17515000
2023-03-31,122481000,7701000,2023-05-25,0.41,0.41,33980000,26109000,4280000,0.22663331371394937,21829000
2023-06-30,106889000,10938000,2023-08-03,0.4,0.29,33862939,868000,2801000,0.32300799407871833,-1933000
2023-09-30,123659000,14730000,2023-11-02,0.49,0.35,34126884,3392000,2807000,0.431624522180226,585000
2023-12-31,136427000,15837000,2024-02-01,0.59,0.51,34201525,24328000,2274000,0.4630495277622855,22054000
2024-03-31,127654000,10083000,2024-05-29,0.34,0.32,34239000,37367000,3134000,0.2944887409094892,34233000
2024-06-30,115126000,8511000,2024-08-07,0.38,0.31,34075020,12659000,3923000,0.24977241392668295,8736000
2024-09-30,114648000,9494000,2024-11-07,0.38,0.37,34143000,8562000,1862000,0.2780657821515391,6700000
2024-12-31,134353000,18539000,2025-02-06,0.56,0.55,34092000,9839000,1393000,0.5437932652821776,8446000
2025-03-31,134080000,16971000,2025-05-22,0.56,0.51,34058000,32058000,3071000,0.4982970227259381,28987000
2025-06-30,108898000,8581000,2025-08-07,0.36,0.36,33307644,10742000,2421000,0.25762854917027456,8321000
2025-09-30,131723000,14954000,2025-11-06,0.55,0.36,33243728,7425000,3064000,0.44982921289694106,4361000
