fiscalDateEnding,totalRevenue,netIncome,reportedDate,reportedEPS,estimatedEPS,commonStockSharesOutstanding,operatingCashflow,capitalExpenditures,eps_computed_simple,freeCashFlow
2005-09-30,171872000,4900000,2005-11-03,0.25,0.3,31075000,-12917000,3331000,0.1576830249396621,-16248000
2005-12-31,184476000,-5648000,2006-02-15,0.13,0.11,31190000,20889000,3177000,-0.1810836806668804,17712000
2006-03-31,172724000,7399000,2006-05-11,0.26,0.21,31190000,30858000,1787000,0.23722346906059635,29071000
2006-06-30,232118000,6594000,2006-08-10,0.25,0.26,31231000,9823000,2600000,0.21113637091351542,7223000
2006-09-30,251684000,8258000,2006-11-09,0.24,0.19,31277000,-16497000,2959000,0.26402787991175625,-19456000
2006-12-31,282870000,22605000,2007-02-14,0.3,0.32,31313000,35442000,4028000,0.7219046402452656,31414000
2007-03-31,258984000,7414000,2007-05-09,0.24,0.31,31313000,50716000,2518000,0.2367706703286175,48198000
2007-06-30,256031000,9362000,2007-08-02,0.29,0.28,31312000,11848000,3786000,0.2989908022483393,8062000
2007-09-30,271951000,10568000,2007-11-08,0.34,0.32,31290000,-22532000,8040000,0.33774368807925853,-30572000
2007-12-31,370936000,14278000,2008-02-14,0.45,0.43,31308000,56370000,5470000,0.45604957199437846,50900000
2008-03-31,360623000,2061000,2008-05-08,0.31,0.25,31308000,32618000,7597000,0.06582981985435032,25021000
2008-06-30,367369000,8292000,2008-08-04,0.31,0.3,31341000,23297000,22086000,0.2645735617880731,1211000
2008-09-30,374576000,11080000,2008-11-03,0.41,0.4,31514000,36777000,11116000,0.35158976962619787,25661000
2008-12-31,398082000,6791000,2009-02-12,0.55,0.51,32343000,82944000,14672000,0.20996815385091055,68272000
2009-03-31,355396000,12732000,2009-05-07,0.41,0.36,32343000,8826000,13943000,0.3936555050551897,-5117000
2009-06-30,372605000,18425000,2009-08-06,0.5,0.36,31752000,6203000,8610000,0.58027840765936,-2407000
2009-09-30,378865000,28064000,2009-11-03,0.54,0.5,33129000,13898000,8324000,0.8471128014730297,5574000
2009-12-31,404787000,22093000,2010-02-11,0.78,0.66,34614000,75917000,6110000,0.6382677529323395,69807000
2010-03-31,397124000,16319000,2010-05-06,0.59,0.51,34614000,54112000,10942000,0.4714566360432195,43170000
2010-06-30,446195000,21652000,2010-08-05,0.7,0.62,35994000,62650000,12297000,0.6015447018947603,50353000
2010-09-30,464242000,24867000,2010-11-05,0.69,0.64,36373000,33890000,24026000,0.683666455887609,9864000
2010-12-31,509463000,28081000,2011-02-10,0.8,0.78,36785000,93999000,14388000,0.763381813239092,79611000
2011-03-31,493513000,19808000,2011-05-05,0.59,0.67,36785000,32748000,14728000,0.5384803588419192,18020000
2011-06-30,492620000,14345000,2011-08-04,0.43,0.43,36950000,38288000,21294000,0.3882273342354533,16994000
2011-09-30,528050000,30390000,2011-11-04,0.85,0.83,36911000,-20157000,24410000,0.8233317981089648,-44567000
2011-12-31,535802000,29864000,2012-02-10,0.85,0.87,37094000,105192000,17364000,0.8050897719307705,87828000
2012-03-31,523811000,22074000,2012-05-08,0.63,0.61,37094000,52234000,18073000,0.5950827627109505,34161000
2012-06-30,527421000,19511000,2012-08-08,0.6,0.58,37132000,42384000,16248000,0.525449746849079,26136000
2012-09-30,538112000,21554000,2012-11-06,0.7,0.78,37074000,9952000,17030000,0.5813777849705993,-7078000
2012-12-31,592781000,25224000,2013-02-21,0.86,0.86,37137000,99989000,28169000,0.6792147992568058,71820000
2013-03-31,540110000,22974000,2013-05-09,0.74,0.7,37234000,56986000,14848000,0.6170167051619487,42138000
2013-06-30,526346000,18565000,2013-08-08,0.65,0.63,37373000,13056000,24048000,0.49674898991250366,-10992000
2013-09-30,567150000,22665000,2013-11-07,0.82,0.77,37438000,31844000,17275000,0.6054009295368342,14569000
2013-12-31,660321000,22784000,2014-02-13,0.98,0.91,37565000,114804000,25012000,0.6065220284839611,89792000
2014-03-31,618903000,14322000,2014-05-08,0.8,0.79,37665000,35870000,21655000,0.3802469135802469,14215000
2014-06-30,627960000,21759000,2014-08-07,0.84,0.83,37990000,47523000,14234000,0.5727559884180048,33289000
2014-09-30,795726000,19882000,2014-11-06,0.89,0.92,42002000,-6432000,37341000,0.4733584115042141,-43773000
2014-12-31,903513000,33917000,2015-02-12,0.99,1.13,43385000,134996000,25988000,0.7817678921286159,109008000
2015-03-31,783145000,17852000,2015-05-07,0.59,0.58,43639000,81602000,25076000,0.409083617864754,56526000
2015-06-30,759208000,31362000,2015-08-06,0.66,0.62,43679000,67197000,20732000,0.7180109434739806,46465000
2015-09-30,798638000,28441000,2015-11-05,0.86,0.83,43721000,20391000,21043000,0.6505111959927724,-652000
2015-12-31,865414000,37255000,2016-02-11,1.08,1.03,43844000,116128000,19245000,0.8497171790894992,96883000
2016-03-31,1270200000,-3200000,2016-05-05,0.48,0.41,52700000,110720000,26893000,-0.06072106261859583,83827000
2016-06-30,1541400000,19000000,2016-08-04,0.54,0.54,57330000,126289000,62977000,0.33141461712890286,63312000
2016-09-30,1586900000,37400000,2016-11-03,0.7,0.78,57600000,57706000,52976000,0.6493055555555556,4730000
2016-12-31,1776676000,-278070000,2017-02-09,1.14,1.09,56825000,183898000,44229000,-4.893444786625605,139669000
2017-03-31,1536200000,28200000,2017-05-04,0.61,0.65,57600000,78500000,43400000,0.4895833333333333,35100000
2017-06-30,1522200000,-34200000,2017-08-03,0.51,0.49,57000000,248900000,42000000,-0.6,206900000
2017-09-30,1548800000,28800000,2017-11-02,0.67,0.77,57700000,-64000000,35700000,0.49913344887348354,-99700000
2017-12-31,1699900000,-309000000,2018-02-15,1.02,0.93,57200000,242600000,64700000,-5.4020979020979025,177900000
2018-03-31,1481200000,-34100000,2018-05-03,0.18,0.13,56500000,57800000,41400000,-0.6035398230088496,16400000
2018-06-30,1455800000,-19500000,2018-08-02,0.37,0.25,56400000,173500000,46900000,-0.34574468085106386,126600000
2018-09-30,1117900000,2600000,2018-11-01,0.62,0.55,56700000,39200000,44800000,0.04585537918871252,-5600000
2018-12-31,1481100000,-12600000,2019-02-14,1.03,0.96,56000000,235300000,63100000,-0.225,172200000
2019-03-31,1066800000,-26900000,2019-05-02,0.13,0.11,56100000,-37900000,36400000,-0.47950089126559714,-74300000
2019-06-30,1025300000,-171800000,2019-08-01,0.36,0.29,56300000,47300000,37600000,-3.0515097690941384,9700000
2019-09-30,1057300000,-177800000,2019-11-07,0.55,0.58,56300000,36300000,30800000,-3.158081705150977,5500000
2019-12-31,1139500000,15500000,2020-02-13,1.1,1.1,56600000,262000000,37200000,0.27385159010600707,224800000
2020-03-31,1084900000,-31200000,2020-05-07,0.37,0.33,56300000,62500000,31100000,-0.5541740674955595,31400000
2020-06-30,1041900000,-1500000,2020-08-06,0.58,0.48,56500000,61300000,25500000,-0.02654867256637168,35800000
2020-09-30,1045700000,12100000,2020-11-05,0.71,0.61,56800000,-900000,22500000,0.2130281690140845,-23400000
2020-12-31,1177200000,34400000,2021-02-11,1.07,1.07,56500000,293800000,280000000,0.6088495575221239,13800000
2021-03-31,1057300000,1500000,2021-05-06,0.36,0.33,56500000,-8600000,31300000,0.02654867256637168,-39900000
2021-06-30,1003200000,8400000,2021-08-05,0.26,0.26,56000000,-42200000,30400000,0.15,-72600000
2021-09-30,751700000,6700000,2021-11-08,0.46,0.5,55800000,105000000,3800000,0.12007168458781362,101200000
2021-12-31,1165900000,-29100000,2022-02-14,0.11,0.1,55800000,270700000,24400000,-0.521505376344086,246300000
2022-03-31,772600000,-3000000,2022-05-09,-0.15,-0.52,55800000,-70600000,16900000,-0.053763440860215055,-87500000
2022-06-30,810200000,-29400000,2022-08-08,-0.04,-0.13,56000000,44000000,22100000,-0.525,21900000
2022-09-30,832900000,-90500000,2022-11-07,0.18,0.16,56100000,-87500000,15200000,-1.6131907308377897,-102700000
2022-12-31,996200000,-23400000,2023-02-13,0.98,0.99,56700000,-36600000,31600000,-0.4126984126984127,-68200000
2023-03-31,854000000,15200000,2023-05-08,0.68,0.4,56700000,-30900000,31700000,0.26807760141093473,-62600000
2023-06-30,803500000,23300000,2023-08-07,0.42,0.42,56800000,-18900000,22600000,0.4102112676056338,-41500000
2023-09-30,863300000,7100000,2023-11-06,0.5,0.52,56400000,60100000,21700000,0.12588652482269502,38400000
2023-12-31,910800000,7500000,2024-02-16,0.77,0.73,55300000,147000000,63700000,0.13562386980108498,83300000
2024-03-31,820700000,-11700000,2024-05-06,-0.03,-0.01,53800000,-52400000,28300000,-0.2174721189591078,-80700000
2024-06-30,788500000,-16700000,2024-08-05,0.29,0.13,52300000,-19400000,22800000,-0.3193116634799235,-42200000
2024-09-30,839100000,-3400000,2024-11-12,0.74,0.75,51900000,41400000,40500000,-0.06551059730250482,900000
2024-12-31,905700000,58700000,2025-02-14,0.95,0.97,51200000,296200000,48100000,1.146484375,248100000
2025-03-31,792000000,-31800000,2025-05-06,0.03,-0.16,50300000,-53500000,25900000,-0.6322067594433399,-79400000
2025-06-30,798000000,-2900000,2025-07-31,0.17,0.12,50300000,-47200000,28100000,-0.05765407554671968,-75300000
2025-09-30,840300000,-265800000,2025-11-10,0.43,0.57,50500000,38200000,30800000,-5.263366336633664,7400000
