fiscalDateEnding,totalRevenue,netIncome,reportedDate,reportedEPS,estimatedEPS,commonStockSharesOutstanding,operatingCashflow,capitalExpenditures,eps_computed_simple,freeCashFlow
2005-09-30,137820000,6260000,2005-10-27,0.35,0.22,18617500,11148000,4590000,0.3362427823284544,6558000
2005-12-31,152011000,6435000,2006-02-21,0.35,0.43,18617500,14227000,8005000,0.345642540620384,6222000
2006-03-31,135462000,4437000,2006-04-27,0.24,0.22,18617500,2537000,4235000,0.23832415737881027,-1698000
2006-06-30,150965000,9153000,2006-08-01,0.48,0.4,18617500,9399000,4473000,0.4916342151201826,4926000
2006-09-30,145690000,7922000,2006-10-26,0.42,0.36,18977000,15761000,4486000,0.4174527059071508,11275000
2006-12-31,166864000,8297000,2007-02-20,0.39,0.38,19181000,12622000,10678000,0.4325634742714144,1944000
2007-03-31,155078000,5851000,2007-04-26,0.31,0.29,19180540,-8970000,7852000,0.30504876296496347,-16822000
2007-06-30,165203000,10454000,2007-07-31,0.55,0.48,19179000,24913000,9675000,0.5450753428228792,15238000
2007-09-30,161329000,10967000,2007-10-23,0.44,0.46,19157000,15439000,6301000,0.5724800334081537,9138000
2007-12-31,182608000,12594000,2008-02-26,0.5,0.53,18844504,8258000,4892000,0.6683115671285379,3366000
2008-03-31,168600000,5235000,2008-04-24,0.28,0.42,18844504,-5887000,7408000,0.27779982959487814,-13295000
2008-06-30,193584000,8292000,2008-07-29,0.44,0.6,18778343,700000,3514000,0.44157250722281516,-2814000
2008-09-30,185935000,13985000,2008-10-23,0.76,0.49,18478095,17840000,5995000,0.7568420878883889,11845000
2008-12-31,153285000,-16889000,2009-02-24,-0.04,-0.16,18262257,24893000,3873000,-0.9248035442716637,21020000
2009-03-31,128647000,-41746000,2009-05-07,-0.04,-0.13,18262257,11173000,3824000,-2.2859167954979496,7349000
2009-06-30,148600000,3007000,2009-07-30,0.16,0.07,18700000,31405000,2849000,0.16080213903743315,28556000
2009-09-30,154400000,5783000,2009-10-27,0.27,0.18,19000000,15800000,2100000,0.30436842105263157,13700000
2009-12-31,164224000,6715000,2010-02-23,0.26,0.24,19090423,16765000,2653000,0.351747051388018,14112000
2010-03-31,150106000,4091000,2010-04-22,0.21,0.18,19090423,14101000,1819000,0.21429593257310223,12282000
2010-06-30,166137000,6175000,2010-07-29,0.32,0.23,19302802,10279000,2376000,0.3199017427625274,7903000
2010-09-30,168637000,7526000,2010-10-26,0.38,0.3,19402902,5804000,2456000,0.3878801222621235,3348000
2010-12-31,182788000,17012000,2011-02-22,0.4,0.4,19556036,12346000,3878000,0.8699104460638137,8468000
2011-03-31,172591000,5866000,2011-04-21,0.3,0.3,19556036,-7247000,1634000,0.29995853965496894,-8881000
2011-06-30,201259000,5855000,2011-07-28,0.56,0.47,19467553,19957000,2389000,0.30075685423843457,17568000
2011-09-30,186990000,9728000,2011-10-25,0.5,0.51,19271074,23309000,3640000,0.504798020079213,19669000
2011-12-31,193159000,11264000,2012-02-21,0.59,0.56,19228272,20890000,6239000,0.5858040701733365,14651000
2012-03-31,173712000,5324000,2012-04-23,0.28,0.39,19228272,-2930000,4219000,0.27688395504286606,-7149000
2012-06-30,199493000,13671000,2012-07-26,0.71,0.62,19203563,15473000,3263000,0.7118991408000692,12210000
2012-09-30,178268000,8745000,2012-10-24,0.47,0.63,19040875,30739000,3628000,0.45927511209437594,27111000
2012-12-31,187507000,13844000,2013-02-19,0.62,0.58,18946696,4284000,4513000,0.7306814866296477,-229000
2013-03-31,168092000,5059000,2013-04-22,0.29,0.36,18889317,7263000,4017000,0.2678233416274395,3246000
2013-06-30,200238000,14254000,2013-07-25,0.76,0.72,18787880,7961000,3175000,0.7586805962141551,4786000
2013-09-30,188541000,10617000,2013-10-23,0.56,0.55,18811638,21584000,4188000,0.5643846644295409,17396000
2013-12-31,195140000,10301000,2014-02-25,0.65,0.71,18853382,23006000,3395000,0.5463741200385162,19611000
2014-03-31,183979000,5795000,2014-04-21,0.31,0.31,18839172,-3913000,3511000,0.3076037524366782,-7424000
2014-06-30,219084000,15523000,2014-07-24,0.83,0.76,18675607,14421000,3900000,0.8311911896625368,10521000
2014-09-30,202643000,11792000,2014-10-23,0.63,0.69,18635287,26317000,6065000,0.6327780194638268,20252000
2014-12-31,216277000,17541000,2015-02-24,0.93,0.83,18789506,22537000,6107000,0.9335530162421514,16430000
2015-03-31,185740000,5026000,2015-04-27,0.27,0.25,18780934,-2122000,4129000,0.2676118237783062,-6251000
2015-06-30,215404000,14817000,2015-07-23,0.79,0.68,18672040,8695000,3465000,0.793539431149462,5230000
2015-09-30,204802000,-951000,2015-10-27,0.68,0.58,17941171,24331000,7003000,-0.053006573539709306,17328000
2015-12-31,205853000,13196000,2016-02-23,0.78,0.8,18108856,14328000,10183000,0.7287042317858179,4145000
2016-03-31,179864000,4439000,2016-04-25,0.25,0.25,17977587,-6467000,6820000,0.24691856587872443,-13287000
2016-06-30,216828000,15328000,2016-07-26,0.85,0.72,17933243,18908000,7949000,0.854725494992735,10959000
2016-09-30,200134000,11477000,2016-10-25,0.64,0.62,17973206,20841000,7730000,0.6385616455962281,13111000
2016-12-31,211746000,15370000,2017-02-23,0.85,0.76,18061098,24596000,4027000,0.8510003101694039,20569000
2017-03-31,191059000,-3957000,2017-04-24,0.31,0.25,17596546,-11413000,7173000,-0.22487367691363977,-18586000
2017-06-30,270791000,-2591000,2017-08-02,0.6,0.79,17693102,8918000,4472000,-0.14644125151146475,4446000
2017-09-30,261921000,3559000,2017-11-02,0.32,0.63,18171444,34618000,7094000,0.19585675194552507,27524000
2017-12-31,279295000,-3206000,2018-02-22,0.34,0.34,17759883,22051000,4198000,-0.180519207249282,17853000
2018-03-31,272847000,3300000,2018-04-23,0.27,0.15,18245359,5539000,4480000,0.18086791276619987,1059000
2018-06-30,292197000,12700000,2018-07-25,0.82,0.53,18371538,20425000,4441000,0.6912867066437225,15984000
2018-09-30,273255000,9700000,2018-10-24,0.54,0.39,18439621,17505000,6454000,0.5260411805643944,11051000
2018-12-31,285212000,7718000,2019-02-21,0.54,0.48,18328359,36501000,6180000,0.4210960730308698,30321000
2019-03-31,262500000,5400000,2019-04-30,0.49,0.4,18345211,-11600000,20700000,0.29435475013070167,-32300000
2019-06-30,299700000,14800000,2019-07-31,1.13,0.79,18394865,22500000,5100000,0.8045723629936942,17400000
2019-09-30,280700000,14600000,2019-10-30,0.63,0.45,18487948,35300000,3000000,0.7897036491015661,32300000
2019-12-31,294800000,11000000,2020-02-20,0.64,0.61,18625631,25700000,10100000,0.5905840183347345,15600000
2020-03-31,252100000,5200000,2020-05-06,0.57,0.49,18666238,8700000,12500000,0.27857782591221647,-3800000
2020-06-30,214000000,14300000,2020-07-30,0.96,0.2,18584693,39800000,6000000,0.7694504289094256,33800000
2020-09-30,261900000,11700000,2020-10-29,0.9,0.41,18648328,49000000,7100000,0.6274020920266954,41900000
2020-12-31,273000000,2500000,2021-02-25,0.48,0.44,18678576,36300000,4400000,0.13384317948006313,31900000
2021-03-31,263300000,25700000,2021-05-04,1.17,0.56,18831423,18400000,4900000,1.3647402004617495,13500000
2021-06-30,279100000,9800000,2021-08-03,1.18,0.98,18931703,19400000,3100000,0.5176502082247962,16300000
2021-09-30,272000000,21500000,2021-11-02,1.33,0.86,18871217,25100000,4100000,1.1393011908029036,21000000
2021-12-31,276400000,7900000,2022-02-24,0.71,0.63,18819208,6500000,11100000,0.4197838718823874,-4600000
2022-03-31,258100000,10300000,2022-04-28,0.73,0.88,18799732,-10100000,8700000,0.5478801506319345,-18800000
2022-06-30,279800000,16600000,2022-08-09,0.92,0.87,18683798,-13500000,5800000,0.8884703206489387,-19300000
2022-09-30,262900000,15600000,2022-10-27,0.99,1.1,18691916,-15200000,9000000,0.8345853897481671,-24200000
2022-12-31,291000000,23800000,2023-02-23,1.46,1.21,18685605,13700000,5800000,1.273707755247957,7900000
2023-03-31,305800000,24300000,2023-04-28,1.45,0.84,18682268,31100000,7000000,1.300698608969746,24100000
2023-06-30,321700000,31300000,2023-08-04,1.86,1.16,18713455,39100000,5300000,1.6725933292382407,33800000
2023-09-30,304700000,22900000,2023-10-31,1.34,1.15,18878311,54400000,3500000,1.2130322463699215,50900000
2023-12-31,311400000,31000000,2024-02-22,1.92,1.25,18930700,63800000,8200000,1.6375517017331636,55600000
2024-03-31,311000000,28400000,2024-05-03,1.81,1.42,19077767,2900000,3200000,1.488643822937978,-300000
2024-06-30,331000000,27900000,2024-08-08,1.83,1.72,19206801,18600000,4300000,1.452610458139281,14300000
2024-09-30,315800000,20800000,2024-10-29,1.39,1.44,19093873,30700000,4400000,1.0893546846153213,26300000
2024-12-31,328900000,6600000,2025-02-20,1.52,1.43,19044968,37500000,9500000,0.34654823258301093,28000000
2025-03-31,290000000,13100000,2025-05-01,1.12,1.39,18960007,-400000,7000000,0.6909280149527371,-7400000
2025-06-30,318600000,20200000,2025-08-06,1.49,1.6,18687918,22500000,3900000,1.0809122771193667,18600000
2025-09-30,303300000,14900000,2025-11-03,1.46,1.48,18547724,28700000,6500000,0.8033330666339439,22200000
