fiscalDateEnding,totalRevenue,netIncome,reportedDate,reportedEPS,estimatedEPS,commonStockSharesOutstanding,operatingCashflow,capitalExpenditures,eps_computed_simple,freeCashFlow
2007-12-31,31951000,7623000,2008-02-27,2.0,1.12,3125000,14057000,166000,2.43936,13891000
2008-03-31,26671000,14038000,2008-05-14,4.48,4.53,3125000,14633000,108000,4.49216,14525000
2008-06-30,35745000,22005000,2008-08-07,7.04,5.62,3125000,9753000,702000,7.0416,9051000
2008-09-30,41543000,19561000,2008-12-18,6.72,6.32,3125000,24688000,1638000,6.25952,23050000
2009-03-31,30504000,14133000,2009-05-15,4.16,4.78,3125000,25847000,698000,4.52256,25149000
2009-06-30,31005000,16894000,2009-07-23,3.76,3.14,3182692,16401000,2967000,5.3080851053133635,13434000
2009-09-30,21899000,-1517000,2009-11-13,0.4,0.17,4000000,12998000,1194000,-0.37925,11804000
2009-12-31,25951000,7916000,2010-03-04,1.12,1.22,4000000,18851000,1028000,1.979,17823000
2010-03-31,26990000,5080000,2010-05-13,1.6,1.59,4000000,12071000,1128000,1.27,10943000
2010-06-30,31917000,2121000,2010-08-11,1.44,1.57,5283136,19743000,1679000,0.4014660989230639,18064000
2010-09-30,30345000,-269000,2010-11-04,1.04,1.01,5423968,16646000,1861000,-0.04959468787426474,14785000
2010-12-31,42615000,8299000,2011-02-24,0.4,0.54,7173801,9931000,1585000,1.1568483708984958,8346000
2011-03-31,28987000,7091000,2011-05-12,0.8,0.55,7173801,17971000,327000,0.988457862157035,17644000
2011-06-30,28577000,1442000,2011-08-11,0.56,0.5,7734593,13539000,909000,0.1864351492056531,12630000
2011-09-30,26840000,-17133000,2011-11-10,0.16,0.21,7734593,11496000,467000,-2.2151133227048923,11029000
2011-12-31,36593000,-465000,2012-02-23,-0.16,-0.02,8871955,12099000,612000,-0.05241234880023625,11487000
2012-03-31,29013000,4137000,2012-05-17,0.32,0.34,8871955,7637000,499000,0.46630083222919866,7138000
2012-06-30,48168000,-4323000,2012-08-09,0.08,0.01,9988959,763000,900000,-0.43277783000210535,-137000
2012-09-30,28566000,-9661000,2012-11-08,-0.72,-0.34,10448878,13170000,700000,-0.9245968801626356,12470000
2012-12-31,42608000,-356569000,2013-02-21,-0.72,-0.42,10448878,5972000,419000,-34.12509936473562,5553000
2013-03-31,42126000,-1953000,2013-05-09,-0.32,-0.15,10448878,-986000,675000,-0.1869100203868779,-1661000
2013-06-30,40636000,-5724000,2013-08-08,-0.64,-0.25,10448878,18944000,533000,-0.5478100136684532,18411000
2013-09-30,20600000,-14591000,2013-11-07,-0.4,-0.62,10448878,-17638000,281000,-1.396417873765968,-17919000
2013-12-31,40169000,14130000,2014-02-20,-0.24,-0.38,10448878,5882000,415000,1.352298304181559,5467000
2014-03-31,52641000,26432000,2014-05-15,1.6,0.75,10496646,4862000,365000,2.5181376984610133,4497000
2014-06-30,44433000,4589000,2014-08-07,-0.4,-0.19,10495859,-249000,472000,0.43722005030745936,-721000
2014-09-30,53470000,5862000,2014-11-06,0.24,0.3,10853601,4019000,612000,0.540097245144722,3407000
2014-12-31,75931000,20259000,2015-02-19,1.68,1.21,11276790,4971000,4314000,1.7965218825570042,657000
2015-03-31,103878000,38985000,2015-05-14,3.04,2.64,14454129,39755000,226916000,2.697153180243514,-187161000
2015-06-30,107594000,44242000,2015-08-06,3.04,3.16,14590678,47281000,1274000,3.032210017930627,46007000
2015-09-30,125369000,41213000,2015-11-05,2.4,2.82,16896844,53499000,528299000,2.439094543336022,-474800000
2015-12-31,164950000,38980000,2016-02-18,2.64,3.3,19561592,55721000,2364000,1.9926803503518526,53357000
2016-03-31,164950000,38980000,2016-05-19,2.0,2.93,19561592,55721000,2364000,1.9926803503518526,53357000
2016-06-30,139621000,22486000,2016-08-04,1.6,1.54,19555861,47872000,1573000,1.14983431309928,46299000
2016-09-30,104621000,-5457000,2016-11-03,-0.08,0.14,21257420,77862000,2791000,-0.2567103627815605,75071000
2016-12-31,117704000,6846000,2017-02-23,0.24,0.4,19610408,28521000,2498000,0.3491003348833946,26023000
2017-03-31,125096000,2828000,2017-05-18,0.32,0.38,22284973,28783000,1860000,0.12690165700447562,26923000
2017-06-30,108789000,-37477000,2017-08-03,-0.32,-0.25,22399707,35118000,768000,-1.673102241917718,34350000
2017-09-30,91238000,-22380000,2017-11-09,-0.64,-0.9,22403011,3041000,875000,-0.9989728612819053,2166000
2017-12-31,105229000,-1879000,2018-02-22,-0.24,-0.55,26513387,12698000,1229000,-0.07086985906402679,11469000
2018-03-31,168465000,-19153000,2018-05-17,-0.64,-0.64,33536546,-4826000,1622000,-0.5711083067409506,-6448000
2018-06-30,171659000,-27413000,2018-08-02,-0.88,-0.87,33569819,15296000,585000,-0.8165965982717989,14711000
2018-09-30,175915000,-17484000,2018-11-15,-0.56,-0.84,33569819,-15915000,1256000,-0.5208249707870036,-17171000
2018-12-31,239724000,11502000,2019-02-21,0.4,0.13,33594944,-1818000,2364000,0.3423729475482977,-4182000
2019-03-31,232501000,12447000,2019-05-23,0.4,0.48,33609540,46221000,656000,0.3703412781013962,45565000
2019-06-30,202277000,-14307000,2019-08-01,-0.4,-0.6,33623800,18145000,5889000,-0.4255021740552823,12256000
2019-09-30,182304000,-19850000,2019-11-13,-0.64,-0.7,33623608,-1583000,665000,-0.5903590120370188,-2248000
2019-12-31,303885000,63072000,2020-02-27,2.47,2.04,33948512,54878000,4418000,1.857872297908079,50460000
2020-03-31,341900000,106839000,2020-05-21,3.27,2.99,33946292,138685000,842000,3.147295144930704,137843000
2020-06-30,246492000,98198000,2020-08-13,2.39,2.56,33978730,166186000,2234000,2.8899844108358375,163952000
2020-09-30,170240000,-44434000,2020-11-12,0.09,0.19,33738143,42940000,5805000,-1.3170256584661462,37135000
2020-12-31,127802000,-73286000,2021-02-25,-1.21,-0.99,33738143,132000,7144000,-2.172200171183103,-7012000
2021-03-31,142749000,-21365000,2021-05-13,-0.65,-0.8,33743722,-27445000,913000,-0.6331548132123659,-28358000
2021-06-30,123420000,-129144000,2021-08-05,-1.23,-1.05,33763367,-18260000,6324000,-3.8249739725306426,-24584000
2021-09-30,115890000,-52055000,2021-11-04,-1.48,-1.62,33898299,-36271000,7931000,-1.5356227756442882,-44202000
2021-12-31,160308000,-39808000,2022-02-24,-0.74,-0.83,33898450,-25335000,6279000,-1.1743309797350616,-31614000
2022-03-31,174018000,-13942000,2022-05-12,-0.41,-0.68,33911545,-14669000,4071000,-0.41112842248856546,-18740000
2022-06-30,242389000,28548000,2022-08-04,0.76,0.68,34201689,16521000,3343000,0.8346956198566685,13178000
2022-09-30,279386000,68053000,2022-11-03,1.7,1.69,34374752,46320000,4097000,1.979737919272843,42223000
2022-12-31,367318000,146427000,2023-02-23,4.33,3.33,34491486,145093000,3919000,4.245308537880914,141174000
2023-03-31,394657000,169368000,2023-05-11,5.13,4.38,34540269,167319000,442000,4.903493947890214,166877000
2023-06-30,370646000,151243000,2023-08-03,4.38,4.42,34546749,202892000,2258000,4.37792279672973,200634000
2023-09-30,285858000,81366000,2023-11-02,2.24,2.03,34571439,123504000,3275000,2.353561273512508,120229000
2023-12-31,313291000,111694000,2024-02-22,2.91,3.47,34613345,132994000,4223000,3.2269056920098302,128771000
2024-03-31,368286000,148875000,2024-05-09,3.86,3.73,34649190,134139000,570000,4.296637237407281,133569000
2024-06-30,328261000,111138000,2024-08-01,3.11,3.05,34705613,151206000,10335000,3.2023062090849685,140871000
2024-09-30,243278000,58815000,2024-10-30,1.84,2.01,34765008,108311000,64145000,1.6917873282238278,44166000
2024-12-31,351125000,93111000,2025-02-20,1.5,1.4735,34701466,87568000,295000,2.6832007616047115,87273000
2025-03-31,231639000,76032000,2025-05-07,1.21,1.14,34666717,57624000,6606000,2.193227584833026,51018000
2025-06-30,232866000,62614000,2025-07-30,1.41,1.41,34739396,72441000,57397000,1.8023917283996533,15044000
2025-09-30,229023000,92079000,2025-10-29,1.54,1.16,34831261,74873000,128192000,2.643573541595293,-53319000
