fiscalDateEnding,totalRevenue,netIncome,reportedDate,reportedEPS,estimatedEPS,commonStockSharesOutstanding,operatingCashflow,capitalExpenditures,eps_computed_simple,freeCashFlow
2005-09-30,1640385000,318897000,2005-11-08,0.54,0.57,590268500,486285000,62794000,0.5402575268712458,423491000
2005-12-31,1898574000,380960000,2006-03-01,0.65,0.57,590270000,363350000,90046000,0.6453995629118878,273304000
2006-03-31,1783152000,441690000,2006-05-02,0.71,0.66,590268500,544082000,69529000,0.748286584833851,474553000
2006-06-30,1962265000,471771000,2006-08-03,0.8,0.78,590268500,169995000,99572000,0.7992481387707459,70423000
2006-09-30,1922491000,479105000,2006-11-08,0.81,0.75,590268500,598086000,132976000,0.811672992883747,465110000
2006-12-31,2059837000,574750000,2007-02-28,0.97,0.89,590268500,498693000,139395000,0.9737094220680927,359298000
2007-03-31,2425299000,480304000,2007-05-04,0.81,0.87,590268500,688274000,119912000,0.8137042718694967,568362000
2007-06-30,2604206000,495950000,2007-08-03,0.84,0.83,590268500,211102000,109237000,0.840210853196469,101865000
2007-09-30,2523553000,400952000,2007-11-07,0.68,0.83,590268500,889755000,105419000,0.6792705353580616,784336000
2007-12-31,2488950000,546542000,2008-02-27,0.93,0.72,590268500,231493000,113349000,0.9259210003583115,118144000
2008-03-31,2626187000,473043000,2008-05-06,0.77,0.77,591303750,568931000,88455000,0.8,480476000
2008-06-30,3148385000,987471000,2008-08-06,1.0,0.87,590786125,273986000,116911000,1.6714525920865186,157075000
2008-09-30,3118512000,570635000,2008-11-06,0.97,0.83,590786125,242774000,131772000,0.9658909982017604,111002000
2008-12-31,3238752000,244471000,2009-02-25,1.01,0.99,590268500,379314000,106100000,0.41416914505856234,273214000
2009-03-31,2449485000,366047000,2009-05-06,0.62,0.68,590398387,763447000,119829000,0.6200000001016263,643618000
2009-06-30,2096344000,343268000,2009-08-05,0.58,0.4,590268500,1111138000,106506000,0.581545516997773,1004632000
2009-09-30,1771475000,229873000,2009-11-05,0.39,0.37,590268500,772401000,101460000,0.38943802693181157,670941000
2009-12-31,1847213000,222367000,2010-02-24,0.38,0.43,590268500,416962000,133132000,0.37672178000350687,283830000
2010-03-31,1638721000,219549000,2010-05-05,0.37,0.35,590268500,436272000,157962000,0.3719476814364988,278310000
2010-06-30,1981762000,282098000,2010-08-04,0.48,0.41,590268500,58621000,190431000,0.47791471169476263,-131810000
2010-09-30,2027242000,304812000,2010-11-04,0.52,0.48,590268500,122088000,212825000,0.5163955047575807,-90737000
2010-12-31,2063873000,320908000,2011-02-23,0.54,0.53,590268500,253839000,286098000,0.5436644510083123,-32259000
2011-03-31,2323965000,319374000,2011-05-05,0.54,0.52,590268500,165655000,210620000,0.5410656336904307,-44965000
2011-06-30,2403122000,287218000,2011-08-04,0.49,0.59,590268500,325131000,251171000,0.48658873038286815,73960000
2011-09-30,2494840000,324991000,2011-11-03,0.55,0.55,590268500,336274000,212139000,0.5505816420832215,124135000
2011-12-31,2750551000,399574000,2012-02-23,0.68,0.63,590268500,456244000,188728000,0.6769360045470832,267516000
2012-03-31,2617349000,443840000,2012-04-26,0.75,0.64,590268500,604697000,196395000,0.7519289950251453,408302000
2012-06-30,2801492000,461089000,2012-08-01,0.78,0.72,584873077,414500000,203148000,0.7883573686877025,211352000
2012-09-30,2657069000,436431000,2012-11-09,0.69,0.69,590268415,494619000,186964000,0.739377186563506,307655000
2012-12-31,2758120000,357686000,2013-02-22,0.6,0.73,590268415,346597000,197627000,0.6059717764163275,148970000
2013-03-31,2678305000,424777000,2013-05-01,0.72,0.73,590268500,563411000,179499000,0.7196335227104276,383912000
2013-06-30,2829270000,417828000,2013-08-01,0.7,0.73,590268500,611054000,177314000,0.7078609141433093,433740000
2013-09-30,2415061000,300159000,2013-11-06,0.51,0.66,590268500,753169000,193645000,0.5085126514459097,559524000
2013-12-31,2674145000,408630000,2014-02-20,0.69,0.7,590268500,427484000,169854000,0.6922781751016698,257630000
2014-03-31,2579944000,422505000,2014-05-02,0.72,0.67,590268500,611844000,213669000,0.7157844269175807,398175000
2014-06-30,2660882000,407885000,2014-07-30,0.69,0.7,590268500,566486000,216796000,0.6910160376167794,349690000
2014-09-30,2420631000,81209000,2014-11-05,0.54,0.58,590268500,659446000,326331000,0.1375797624301483,333115000
2014-12-31,2676505000,246918000,2015-02-19,0.34,0.63,590268500,206291000,384811000,0.41831471609953774,-178520000
2015-03-31,2253555000,255082000,2015-04-30,0.38,0.43,590268500,877893000,260705000,0.432145709960806,617188000
2015-06-30,1868078000,66314000,2015-08-06,0.11,0.29,590268500,548089000,260609000,0.11234548345371641,287480000
2015-09-30,1559194000,-354904000,2015-11-05,0.08,0.14,590268500,586333000,299874000,-0.6012585797819128,286459000
2015-12-31,1419926000,-46654000,2016-02-25,-0.08,0.13,590268415,202689000,300241000,-0.07903861838855125,-97552000
2016-03-31,1257254000,18161000,2016-04-28,0.03,0.02,590268500,309147000,228526000,0.030767354178649207,80621000
2016-06-30,1120673000,-13266000,2016-08-03,-0.02,0.01,590268500,379728000,208918000,-0.022474517952423348,170810000
2016-09-30,1048527000,16603000,2016-11-03,0.03,-0.02,590268500,253511000,169123000,0.028127877398167106,84388000
2016-12-31,1045800000,33800000,2017-02-24,0.01,0.03,590268415,-78821000,156697000,0.05726208474156626,-235518000
2017-03-31,1153860000,205127000,2017-04-27,0.19,0.04,590268500,26134000,136653000,0.34751473270215166,-110519000
2017-06-30,1242804000,74524000,2017-08-03,0.13,0.09,590268500,-32830000,154275000,0.12625440795163556,-187105000
2017-09-30,1302924000,104854000,2017-11-02,0.18,0.1,590268500,-2430000,141836000,0.17763780381301053,-144266000
2017-12-31,1588916000,160232000,2018-02-21,0.27,0.18,590268415,-12899000,120029000,0.27145616456540367,-132928000
2018-03-31,1866235000,234983000,2018-04-27,0.4,0.27,590268500,-29567000,90868000,0.3980951041771668,-120435000
2018-06-30,1788484000,168328000,2018-08-02,0.29,0.32,590268500,351242000,102569000,0.2851719175256684,248673000
2018-09-30,1898892000,246927000,2018-10-31,0.42,0.35,590268500,49845000,76447000,0.4183299633980129,-26602000
2018-12-31,2104977000,225825000,2019-02-20,0.38,0.43,590268415,239282000,74079000,0.38258018599894084,165203000
2019-03-31,1871759000,242879000,2019-05-02,0.41,0.38,590268415,547616000,85686000,0.4114721266256471,461930000
2019-06-30,1917965000,241486000,2019-08-01,0.41,0.35,590268500,342301000,96904000,0.40911212439762584,245397000
2019-09-30,1763783000,106548000,2019-10-31,0.18,0.3,590268500,373750000,86206000,0.18050768421489544,287544000
2019-12-31,1740548000,151773000,2020-02-19,0.26,0.27,590268415,264272000,69664000,0.2571253960793413,194608000
2020-03-31,1762311000,-660068000,2020-04-29,-0.06,0.22,590268500,516078000,68471000,-1.1182504233243007,447607000
2020-06-30,1241045000,-47961000,2020-08-05,-0.08,-0.06,590268500,447579000,45541000,-0.08125285357426323,402038000
2020-09-30,1012750000,-32946000,2020-11-05,-0.06,-0.16,590268500,417272000,41571000,-0.05581527728482885,375701000
2020-12-31,1130628000,106557000,2021-02-24,0.18,-0.0016,590268415,139454000,33586000,0.1805229575090851,105868000
2021-03-31,1181789000,106346000,2021-04-30,0.18,0.06,590268500,70494000,48395000,0.18016546707134126,22099000
2021-06-30,1528511000,293940000,2021-08-09,0.5,0.19,590268500,-50353000,53898000,0.49797676819955666,-104251000
2021-09-30,1753743000,329871000,2021-11-09,0.56,0.36,590268500,52904000,74306000,0.558849066145322,-21402000
2021-12-31,2057164000,370034000,2022-02-18,0.63,0.42,596829032,46030000,61511000,0.6200000002680834,-15481000
2022-03-31,2367041000,502774000,2022-04-27,0.85,0.61,590268500,-26604000,85499000,0.8517716937292097,-112103000
2022-06-30,2800474000,636718000,2022-08-03,1.08,0.82,590268500,427752000,75699000,1.0786921545025696,352053000
2022-09-30,2974801000,606470000,2022-11-03,1.03,0.99,590268500,242127000,115395000,1.0274476784717463,126732000
2022-12-31,3620210000,807318000,2023-02-15,1.36,1.39,593616176,523942000,120754000,1.3600000010781377,403188000
2023-03-31,4141181000,1128627000,2023-04-26,1.91,1.65,590268500,920770000,117088000,1.9120569706836803,803682000
2023-06-30,4074913000,1123029000,2023-08-02,1.9,1.61,591067894,1341634000,165161000,1.9000000023685941,1176473000
2023-09-30,3237836000,537311000,2023-11-01,0.91,1.43,590268415,1296934000,159361000,0.9102824856383346,1137573000
2023-12-31,3414930000,1129098000,2024-02-23,1.92,1.13,588071875,835735000,166820000,1.92,668915000
2024-03-31,3441544000,736980000,2024-04-25,1.28,1.04,580004000,886977000,172097000,1.270646409335108,714880000
2024-06-30,3321677000,335186000,2024-07-31,0.58,0.97,569069000,935201000,174785000,0.5890076598795576,760416000
2024-09-30,2915487000,448066000,2024-11-06,0.81,0.66,555858000,551812000,183639000,0.806079970064297,368173000
2024-12-31,2845226000,516212999,2025-02-19,0.94,0.7095,1098325531,492228000,181870000,0.46999999948102816,310358000
2025-03-31,2922212000,506931000,2025-06-24,0.94,0.7775,538491000,821000000,173838000,0.9413917781355677,647162000
2025-06-30,3085672000,531323000,2025-07-29,0.99,0.8746,538491000,726790000,151872000,0.986688728316722,574918000
2025-09-30,2964892784,443711485,2025-10-29,0.85,0.72,538491000,313576504,184939944,0.823990530946664,128636560
