fiscalDateEnding,totalRevenue,netIncome,reportedDate,reportedEPS,estimatedEPS,commonStockSharesOutstanding,operatingCashflow,capitalExpenditures,eps_computed_simple,freeCashFlow
2010-06-30,,-6626,2010-08-31,-0.0622,,106569,,0,-0.062175679606639826,
2010-09-30,,-6626,2010-11-30,-0.0532,,37783324,-3126.0,0,-0.0001753683715069643,-3126.0
2010-12-31,,-5672,2011-02-28,-0.0383,,959127,-91.0,0,-0.005913711114377971,-91.0
2011-03-31,,-4080,2011-05-31,-0.0331,,106681,-580.0,0,-0.03824486084682371,-580.0
2011-06-30,,-3524,2011-08-31,-0.0331,,106681,-24.0,0,-0.033033061182403615,-24.0
2011-09-30,,-3525,2011-11-30,-0.0037,,106695,-25.0,0,-0.03303809925488542,-25.0
2012-12-31,,-3661,2012-12-31,-8.283,,106695,-2736738991.0,24774000,-0.03431276067294625,-2761512991.0
2013-03-31,,-3661,2013-05-29,-0.4434,,106695,-2736738991.0,24774000,-0.03431276067294625,-2761512991.0
2013-06-30,,-5048513,2013-08-28,-0.412,,12253599,-2208398.0,8551,-0.4120024655613424,-2216949.0
2013-09-30,,-10897799,2013-11-18,-0.6,-0.18,15365631,-2655460.0,12550,-0.7092321167936416,-2668010.0
2013-12-31,200000.0,-13134273,2014-03-27,-0.76,-0.3,23334967,-8146726.0,5521373,-0.5628580061844527,-13668099.0
2014-03-31,27900.0,-70625726,2014-05-14,-0.73,-0.44,23334967,-9805673.0,227487,-3.026604922989606,-10033160.0
2014-06-30,5741734.0,8482947,2014-08-12,-0.8964,,27326442,-11449715.0,3497529,0.3104299857259134,-14947244.0
2014-09-30,8348583.0,-19556300,2014-11-13,-0.8949,,28210225,-15499915.0,157676,-0.6932344566553439,-15657591.0
2014-12-31,14084988.0,-29238783,2015-03-05,-1.1029,-0.51,30380694,-9094447.0,81439,-0.9624132681103335,-9175886.0
2015-03-31,17371800.0,39654989,2015-05-11,-1.43,-0.34,30380694,-7333433.0,24812,1.305269359547876,-7358245.0
2015-06-30,24068000.0,-25527000,2015-08-04,-0.59,-0.42,34957134,7899433.0,1400188,-0.730237209949763,6499245.0
2015-09-30,28005000.0,105578000,2015-11-03,0.23,1.65,42752859,1429000.0,3881000,2.469495665775241,-2452000.0
2015-12-31,30447000.0,-2469000,2016-02-25,-0.07,-0.21,37985347,-2549000.0,1724000,-0.06499874806988074,-4273000.0
2016-03-31,29008000.0,11216000,2016-05-03,0.38,-0.22,37947479,-3567000.0,2599000,0.29556640640080467,-6166000.0
2016-06-30,33311000.0,-13403000,2016-08-04,-0.37,-0.23,36683429,3990000.0,2306000,-0.36536933338483707,1684000.0
2016-09-30,33945000.0,-37113000,2016-11-03,-0.86,0.38,36980356,4744000.0,2788000,-1.0035868773139989,1956000.0
2016-12-31,37326000.0,-8603000,2017-03-01,-0.23,-0.26,39158922,-6763000.0,4231000,-0.21969450537989785,-10994000.0
2017-03-31,33620000.0,-11090000,2017-05-04,-0.29,-0.26,39158922,-2776000.0,4315000,-0.28320493602964864,-7091000.0
2017-06-30,38800000.0,-13229000,2017-08-09,-0.34,-0.21,39041145,5394000.0,3019000,-0.3388476439407707,2375000.0
2017-09-30,40340000.0,-17794000,2017-11-07,-0.46,-0.25,38654086,5639000.0,3735000,-0.46033943216248857,1904000.0
2017-12-31,42177000.0,-17618000,2018-02-27,-0.45,-0.19,40089779,-854000.0,2940000,-0.43946363485815176,-3794000.0
2018-03-31,38432000.0,-18378000,2018-05-01,-0.46,-0.45,39657418,-14734000.0,8256000,-0.46341897498218365,-22990000.0
2018-06-30,41337000.0,-22329000,2018-07-26,-0.56,-0.35,40061045,-2760000.0,3734000,-0.5573743770288568,-6494000.0
2018-09-30,40706000.0,-54516000,2018-11-01,-0.92,-0.45,40717440,-3899000.0,3845000,-1.3388857452727874,-7744000.0
2018-12-31,43771000.0,-7455000,2019-02-26,-0.18,-0.48,41275872,-3565000.0,3866000,-0.18061399163172132,-7431000.0
2019-03-31,39570000.0,-40977000,2019-05-07,-0.81,-0.57,41410314,-20492000.0,3980000,-0.989536085140528,-24472000.0
2019-06-30,44707000.0,-38701000,2019-08-06,-0.92,-0.64,41957860,-19109000.0,3388000,-0.9223778333785374,-22497000.0
2019-09-30,44373000.0,-36490000,2019-10-30,-0.55,-1.05,42943828,-14121000.0,4217000,-0.8497146551537045,-18338000.0
2019-12-31,46688000.0,-30259000,2020-02-24,-0.7,-0.64,43592499,-4492000.0,91000,-0.6941331810319018,-4583000.0
2020-03-31,47769000.0,808000,2020-05-11,0.02,-0.67,43592499,-29155000.0,4614000,0.018535298928377564,-33769000.0
2020-06-30,48430000.0,-26068000,2020-07-30,-0.58,-0.56,44763843,-6453000.0,4436000,-0.5823449966080884,-10889000.0
2020-09-30,51139000.0,-22549000,2020-11-05,-0.44,-0.52,50929575,6735000.0,6915000,-0.4427486386839081,-180000.0
2020-12-31,50983000.0,-121622000,2021-03-01,-0.48,-0.47,51264029,-13870000.0,103880000,-2.37246276526568,-117750000.0
2021-03-31,47407000.0,-53867000,2021-05-06,-0.96,-0.39,56268508,-26474000.0,9270000,-0.9573205673056054,-35744000.0
2021-06-30,54617000.0,-39012000,2021-07-29,-0.64,-0.68,60571259,6496000.0,4307000,-0.6440678408219978,2189000.0
2021-09-30,68217000.0,-35639000,2021-10-28,-0.59,-0.54,60803045,32063000.0,349000,-0.5861384080353212,31714000.0
2021-12-31,57249000.0,-51573000,2022-01-10,-0.84,-0.68,61616896,-26877000.0,5200000,-0.8369944503533576,-32077000.0
2022-03-31,48487000.0,-75971000,2022-05-05,-1.2,-0.85,63132841,-55320000.0,5267000,-1.2033515171604585,-60587000.0
2022-06-30,54167000.0,-67032000,2022-08-04,-1.05,-0.88,63638385,-36806000.0,17000,-1.0533265418347748,-36823000.0
2022-09-30,53496000.0,-69656000,2022-10-27,-1.09,-0.86,64033759,-39525000.0,13000,-1.087801201862911,-39538000.0
2022-12-31,55868000.0,-65823000,2023-02-23,-1.03,-1.07,64214167,-54640000.0,30000,-1.0250541753504332,-54670000.0
2023-03-31,56993000.0,-86331000,2023-05-04,-1.27,-1.17,68174099,-81117000.0,27967000,-1.2663313672836365,-109084000.0
2023-06-30,32196000.0,-85630000,2023-08-03,-1.13,-1.16,76001801,-69297000.0,3203000,-1.12668382687405,-72500000.0
2023-09-30,37095000.0,150735000,2023-11-07,-1.17,-0.14,76305603,-59134000.0,10000,1.975411949762064,-59144000.0
2023-12-31,45059000.0,-90173000,2024-03-12,-1.18,-1.27,76474560,-70473000.0,5530000,-1.1791241427214487,-76003000.0
2024-03-31,41374000.0,-136061000,2024-05-06,-1.76,-0.99,77136493,-119005000.0,6466000,-1.7638992221230487,-125471000.0
2024-06-30,54116000.0,-70409000,2024-08-01,-0.91,-0.86,77500245,-40243000.0,11993000,-0.9085003537730751,-52236000.0
2024-09-30,62898000.0,-54811000,2024-10-31,-0.7,-0.68,77779379,-42507000.0,8192000,-0.7046983494172665,-50699000.0
2024-12-31,74787000.0,-60264000,2025-02-13,-0.47,-0.3786,83105000,-35720000.0,9561000,-0.7251549244931111,-45281000.0
2025-03-31,81732000.0,-41226000,2025-05-05,-0.19,-0.3943,88356000,-42194000.0,11784000,-0.4665897052831726,-53978000.0
2025-06-30,114449000.0,-12755000,2025-07-30,0.13,-0.2715,88946000,4983000.0,235000,-0.14340161446270772,4748000.0
2025-09-30,164859000.0,25706000,2025-11-05,0.59,-0.287,102618560,14317000.0,140000,0.250500494257569,14177000.0
