fiscalDateEnding,totalRevenue,netIncome,reportedDate,reportedEPS,estimatedEPS,commonStockSharesOutstanding,operatingCashflow,capitalExpenditures,eps_computed_simple,freeCashFlow
2006-12-31,10661993933.0,2971368585.0,2007-02-13,1.11,1.14,2076087813,834711264.0,964913100.51,1.4312345394997028,-130201836.50999999
2007-03-31,11187000000.0,2695000000.0,2007-05-03,1.18,1.24,2114103734,-12091000000.0,302000000.0,1.2747718840176836,-12393000000.0
2007-06-30,13180000000.0,4601000000.0,2007-08-13,1.34,1.24,2092768130,-20796000000.0,434000000.0,2.1985235411626802,-21230000000.0
2007-09-30,5569000000.0,-714000000.0,2007-10-30,-0.36,-0.16,2591865211,-32761000000.0,411000000.0,-0.27547728831335433,-33172000000.0
2007-12-31,-4505022477.85,-10797427696.24,2008-02-14,-5.07,-3.84,2013651349,20449004892.0,536635241.75,-5.362113804657452,19912369650.25
2008-03-31,-3454325468.84,-11713046985.28,2008-05-06,-4.92,-4.33,2209453466,18989000000.0,299000000.0,-5.301332282179868,18690000000.0
2008-06-30,3917192776.0,-386629471.93,2008-08-12,-0.16,-1.09,2615507766,-25470000000.0,647000000.0,-0.14782195524553454,-26117000000.0
2008-09-30,5291000000.0,263000000.0,2008-11-04,0.08,0.09,3276523646,32100000000.0,869643000.0,0.08026799999477251,31230357000.0
2008-12-31,-2213645809.01,-9189887695.54,2009-02-10,-2.22,-1.15,3105620481,46453846135.0,321586504.79,-2.959114853783063,46132259630.21
2010-03-31,8343886309.0,2065569157.0,2010-05-04,0.55,0.42,3805908527,3719337742.0,106936822.85,0.542726957925124,3612400919.15
2010-06-30,8531458192.0,2128013453.0,2010-07-27,0.47,0.22,3845077660,30009167289.0,103739281.12,0.5534383544804659,29905428007.88
2010-09-30,8456025391.0,1682195146.0,2010-10-26,0.42,0.33,3846819196,-33542163268.2,148697296.25,0.4372950898626014,-33690860564.45
2010-12-31,8427115141.0,2048851423.0,2011-02-08,0.35,0.36,3794872701,12611732588.0,219390975.28,0.5398999082261969,12392341612.72
2011-03-31,9077751781.0,1966374666.0,2011-04-26,0.5,0.49,3849457796,-17716959573.43,228521682.35,0.5108186062055997,-17945481255.78
2011-06-30,8605234420.0,1218004872.0,2011-07-26,0.31,0.55,3869409938,11736135650.0,330680554.45,0.31477793552924915,11405455095.55
2011-09-30,7241905483.0,1133844937.0,2011-10-25,0.32,-0.48,3815404173,43301920344.0,278372805.24,0.2971755771049737,43023547538.76
2011-12-31,-592209210.24,-153905306.11,2012-02-06,0.11,0.25,3800135967,-52453549215.47,362097677.89,-0.04049994722465151,-52815646893.36
2012-03-31,7192308118.0,1146471415.0,2012-05-02,0.25,0.37,3819224953,69255735126.0,295756394.21,0.3001843120289228,68959978731.79
2012-06-30,6727435586.0,782970651.0,2012-08-01,0.12,0.39,3827601939,33591622479.0,258540460.21,0.20455905903437782,33333082018.79
2012-09-30,6771287107.0,-2267366497.38,2012-10-30,0.36,0.28,3747324000,-15528247552.44,294637462.08,-0.6050628388097747,-15822885014.52
2012-12-31,7270333400.0,-1773048626.23,2013-03-31,0.2738,0.0,3762003000,-13872658595.91,375720906.91,-0.4713044158205084,-14248379502.82
2013-03-31,8100599810.0,1039671682.0,2013-06-30,0.1902,0.0,3838636514,-3087446069.66,318846680.0,0.2708440036476973,-3406292749.66
2013-06-30,7763180164.0,945671490.0,2013-07-30,0.1659,0.2,3833333333,36785719743.0,305254191.63,0.2466969104562345,36480465551.37
2013-09-30,6684926060.0,637238119.0,2013-12-31,0.2694,0.0,3850804897,19384655633.0,408512025.54,0.16548179823299938,18976143607.46
2013-12-31,7031223590.0,1033274364.0,2014-02-04,0.32,0.15,3820833333,8130407481.0,360110237.13,0.2704316765339526,7770297243.87
2014-03-31,8077391421.0,1188382266.0,2014-05-06,0.3,0.31,3851660000,9835159879.0,370946646.82,0.3085376866078522,9464213232.18
2014-06-30,7904450952.0,1013160994.0,2014-07-29,0.2,0.26,3834859695,-3337689976.63,512062991.11,0.26419766942738176,-3849752967.7400002
2014-09-30,7214728054.0,801169160.0,2014-10-28,0.23,0.38,3835835655,3930346017.0,376571272.79,0.20886430808256304,3553774744.21
2014-12-31,6846475127.0,900053598.0,2015-02-10,0.28,0.35,3700020900,-1932928022.53,677051270.74,0.24325635511950758,-2609979293.27
2015-03-31,8593750000.0,2043030753.0,2015-05-05,0.43,0.4,3723447000,-9801793981.48,410259589.95,0.5486933889484663,-10212053571.43
2015-06-30,8421950403.0,1306314573.0,2015-07-27,0.29,0.36,3748080000,-318365367.3,448021472.81,0.3485289996478197,-766386840.11
2015-09-30,7327945642.0,2130025222.0,2015-11-03,0.59,0.37,3801554000,8791081261.0,463590559.21,0.5603038183858495,8327490701.79
2015-12-31,6759135607.0,960098741.0,2016-02-02,0.36,0.39,3852111183,6387000000.0,540659234.73,0.24923962351789677,5846340765.27
2016-03-31,7191188203.0,733625540.0,2016-05-03,0.27,0.29,3839903347,-16454764939.33,447635922.78,0.19105312652547865,-16902400862.11
2016-06-30,7468460376.0,1055403584.0,2016-07-29,0.31,,3816616000,-22845239143.47,524070278.99,0.27652862745426837,-23369309422.460003
2016-09-30,7231858260.0,856894481.0,2016-10-28,0.31,0.29,3811859140,3134503399.0,460590854.98,0.22479699525308272,2673912544.02
2016-12-31,6900139376.0,624251585.0,2017-01-27,0.25,0.18,3828000000,10538000000.0,311877576.65,0.16307512669801463,10226122423.35
2017-03-31,7511019159.0,1267328315.0,2017-04-28,0.39,0.33,3836551000,-8721377669.83,314833138.44,0.3303301102995894,-9036210808.27
2017-06-30,7655116841.0,1228586079.0,2017-07-28,0.36,0.34,3826128000,-15042449156.0,438643843.89,0.3211042806199897,-15481092999.89
2017-09-30,7304310353.0,970624749.0,2017-10-27,0.32,0.35,3837942641,-9848000000.0,414145602.66,0.25290235936071664,-10262145602.66
2017-12-31,7326838382.0,-2399162295.07,2018-01-22,0.26,0.21,3719193000,-18994872438.0,467749916.53,-0.6450760407082935,-19462622354.53
2018-03-31,8179000000.0,1565000000.0,2018-04-23,0.38,0.36,3857223000,3442887705.0,382776123.16,0.4057323105249554,3060111581.84
2018-06-30,7659000000.0,1383000000.0,2018-07-24,0.37,0.37,3850159000,12921586941.0,438103691.62,0.35920594448177334,12483483249.38
2018-09-30,7370000000.0,1253000000.0,2018-10-25,0.34,0.32,3836993000,-8837088902.0,378488402.48,0.32655780190373035,-9215577304.48
2018-12-31,7066210220.0,394146074.0,2019-01-22,0.19,0.23,3820546150,21385614255.0,488631782.75,0.10316485092059417,20896982472.25
2019-03-31,7219000000.0,1141000000.0,2019-04-25,0.3,0.25,3801145000,3995000000.0,367000000.0,0.3001727111173081,3628000000.0
2019-06-30,7517000000.0,1392000000.0,2019-08-20,0.37,0.37,3790478000,-2346000000.0,415000000.0,0.3672360055908516,-2761000000.0
2019-09-30,7165000000.0,1050000000.0,2019-11-20,0.31,0.25,3745195000,-4448000000.0,372000000.0,0.28035923363135967,-4820000000.0
2019-12-31,7075000000.0,721000000.0,2020-01-21,0.27,0.19,3731922960,22504000000.0,430000000.0,0.19319798605917632,22074000000.0
2020-03-31,8202000000.0,1595000000.0,2020-05-05,0.43,0.39,3706745000,35832000000.0,374000000.0,0.430296661896084,35458000000.0
2020-06-30,7678000000.0,1233000000.0,2020-07-21,0.33,0.21,3691066000,4949000000.0,457000000.0,0.3340498381768302,4492000000.0
2020-09-30,8181000000.0,2094000000.0,2020-10-20,0.56,0.26,3716256000,-7273000000.0,498000000.0,0.5634703314303428,-7771000000.0
2020-12-31,8183000000.0,1636000000.0,2021-01-26,0.46,0.28,3714086436,3450000000.0,525000000.0,0.4404851713041823,2925000000.0
2021-03-31,8675000000.0,1824000000.0,2021-04-27,0.49,0.47,3689102000,362000000.0,432000000.0,0.49442926761038325,-70000000.0
2021-06-30,8895000000.0,2006000000.0,2021-07-20,0.55,0.44,3641263000,-2498000000.0,464000000.0,0.550907748218132,-2962000000.0
2021-09-30,9015000000.0,2280000000.0,2021-10-25,0.63,0.43,3605081000,23428000000.0,458000000.0,0.6324407135373658,22970000000.0
2021-12-31,8716000000.0,1348000000.0,2022-02-01,0.38,0.25,3573953456,10133000000.0,487000000.0,0.3771733506313463,9646000000.0
2022-03-31,9382000000.0,2136000000.0,2022-04-26,0.61,0.5,3528659000,27279000000.0,402000000.0,0.6053291066096214,26877000000.0
2022-06-30,8067000000.0,2108000000.0,2022-07-26,0.61,0.48,3433324000,-9129000000.0,359000000.0,0.6139822516022374,-9488000000.0
2022-09-30,7956000000.0,1733000000.0,2022-10-25,0.52,0.46,3349843000,-3150000000.0,420000000.0,0.517337678213576,-3570000000.0
2022-12-31,7988000000.0,1653000000.0,2023-01-31,0.5,0.38,3526641503,-353000000.0,462000000.0,0.4687179001874294,-815000000.0
2023-03-31,8698000000.0,1029000000.0,2023-04-25,0.32,0.55,3213668037,-25106000000.0,375000000.0,0.3201948639849512,-25481000000.0
2023-06-30,9509000000.0,27331000000.0,2023-08-31,-0.02,0.49,3360170000,42771000000.0,455000000.0,8.133814658186937,42316000000.0
2023-09-30,10644000000.0,-715000000.0,2023-11-07,-0.24,0.23,3230259298,30466000000.0,397000000.0,-0.22134446000749505,30069000000.0
2023-12-31,10417000000.0,-279000000.0,2024-02-06,-0.51,0.2,3225623734,37937000000.0,458000000.0,-0.0864948992838729,37479000000.0
2024-03-31,11941000000.0,1755000000.0,2024-05-07,0.52,0.24,3365174000,11544000000.0,413000000.0,0.5215183523942596,11131000000.0
2024-06-30,11853000000.0,1135000000.0,2024-08-14,0.34,0.3,3359294000,314000000.0,500000000.0,0.33786861167852533,-186000000.0
2024-09-30,20486000000.0,1425000000.0,2024-10-30,0.53,0.37,3344054000,4103000000.0,557000000.0,0.4261294823588375,3546000000.0
2024-12-31,18944000000.0,770000000.0,2025-02-03,0.39,0.34,3336038623,-12682000000.0,538000000.0,0.23081267545624576,-13220000000.0
2025-03-31,18689000000.0,1692000000.0,2025-04-30,0.6,0.44,3331889000,15377000000.0,558000000.0,0.5078200384226486,14819000000.0
2025-06-30,18315000000.0,2395000000.0,2025-07-29,0.82,0.92,3306545000,5512000000.0,551000000.0,0.7243210057628129,4961000000.0
2025-09-30,18523000000.0,2481000000.0,2025-10-29,0.9179,0.39,3306545000,-3913000000.0,589000000.0,0.750330027264108,-4502000000.0
