fiscalDateEnding,totalRevenue,netIncome,reportedDate,reportedEPS,estimatedEPS,commonStockSharesOutstanding,operatingCashflow,capitalExpenditures,eps_computed_simple,freeCashFlow
2005-09-30,1232493570,67375192,2005-11-09,0.04,0.06,557528000,162249835.0,53112676.5,0.12084629292161111,109137158.5
2005-12-31,1113298890,40844671,2006-02-15,0.03,0.03,650603272,56429132.0,19774034.67,0.06277968887927757,36655097.33
2006-03-31,1106849339,57259781,2006-05-10,0.04,0.05,650603272,43100848.0,41233065.03,0.0880102874736234,1867782.9699999988
2006-06-30,1204260844,88615133,2006-08-03,0.06,0.05,650603272,135893184.0,60930410.79,0.13620456092633976,74962773.21000001
2006-09-30,1303848419,89423945,2006-11-08,0.06,0.07,648840000,179584457.0,111454023.68,0.13782125793724184,68130433.32
2006-12-31,1168243395,46156341,2007-02-12,0.04,0.05,650603272,24793830.0,50443578.0,0.0709439115762701,-25649748.0
2007-03-31,1172129408,37171797,2007-05-09,0.03,0.04,650603272,10120932.0,106148417.1,0.05713435299169538,-96027485.1
2007-06-30,6180993283,37333838,2007-08-15,0.03,0.04,650603272,211095273.0,168887300.3,0.05738341568008591,42207972.69999999
2007-09-30,6143195787,24593531,2007-11-07,0.02,0.03,645904000,129766163.0,170807937.5,0.0380761397978647,-41041774.5
2007-12-31,6444561121,82958844,2008-02-20,0.07,0.06,1079466280,117178822.0,219101527.82,0.07685172342761833,-101922705.82
2008-03-31,5916954481,90476000,2008-05-14,0.05,0.09,1088768000,109601539.0,157612593.0,0.08309942981424877,-48011054.0
2008-06-30,6987077549,109742000,2008-08-06,0.06,0.09,1079466280,-37214270.12,210125138.7,0.10166320341196762,-247339408.82
2008-09-30,7839066716,118216332,2008-11-05,0.07,0.05,1086993731,200135787.0,265810456.3,0.10875530247193302,-65674669.30000001
2008-12-31,7341373500,75574004,2009-03-11,0.03,0.06,1087605327,100976944.0,296051812.0,0.06948660706587363,-195074868.0
2009-03-31,6411386000,91159000,2009-05-14,0.0365,,1088767992,357418000.0,114135000.0,0.08372674497212809,243283000.0
2009-06-30,9621818000,93322000,2009-08-13,0.043,,1087605327,348591000.0,119968000.0,0.08580502290974895,228623000.0
2009-09-30,9660251000,121435000,2009-11-12,0.0665,,1087605327,496405000.0,122350000.0,0.11165355389988817,374055000.0
2009-12-31,10422445000,148781000,2010-02-24,0.08,0.08,1087605327,178186000.0,166747000.0,0.1367968658358732,11439000.0
2010-03-31,9940798000,126045000,2010-05-05,0.07,0.1,1071604000,36956000.0,177866000.0,0.11762274123650154,-140910000.0
2010-06-30,10377359000,191188000,2010-08-12,0.1,0.09,1071604000,424324000.0,161097000.0,0.178412921191037,263227000.0
2010-09-30,10910596000,203368000,2010-11-10,0.12,0.11,1071604000,505907000.0,313993000.0,0.18977906017521398,191914000.0
2010-12-31,11255138000,247125000,2011-02-24,0.14,0.12,1072126000,541010000.0,255496000.0,0.2304999598927738,285514000.0
2011-03-31,10806074000,193015000,2011-05-11,0.11,0.11,1072126000,201335000.0,202589000.0,0.18003014571048553,-1254000.0
2011-06-30,12187491000,212584000,2011-08-10,0.13,0.13,2363160038,280877000.0,270858000.0,0.08995751306793213,10019000.0
2011-09-30,12909294000,223059000,2011-11-09,0.13,0.09,2363160038,552241000.0,270582000.0,0.09439013711012999,281659000.0
2011-12-31,12758445000,220106000,2012-02-16,0.1151,,2363160038,675680000.0,327344000.0,0.09314053913431994,348336000.0
2012-03-31,12401370000,190270000,2012-05-03,0.1005,,2363160038,218353000.0,235795000.0,0.0805150717431013,-17442000.0
2012-06-30,13048231000,232924000,2012-08-02,0.1097,,2363160038,592401000.0,366575000.0,0.09856463221049103,225826000.0
2012-09-30,14122942000,288800000,2012-11-07,0.14,0.12,2363160038,524374000.0,288798000.0,0.12220924328274377,235576000.0
2012-12-31,14346881000,299771000,2013-02-21,0.1356,,2363160038,1114738000.0,470057000.0,0.12685175577600893,644681000.0
2013-03-31,13599968000,244837000,2013-05-16,0.1144,,2363160038,-96144000.0,139382000.0,0.10360576349590421,-235526000.0
2013-06-30,15204104000,282067000,2013-07-31,0.13,0.12,2363160038,610991000.0,273735000.0,0.11936009219194489,337256000.0
2013-09-30,15909670000,325426000,2013-11-06,0.14,0.14,2363160038,782692000.0,330495000.0,0.13770798201014603,452197000.0
2013-12-31,16226504000,372813000,2014-02-19,0.15,0.14,2363160038,823147000.0,460539000.0,0.15776036916886962,362608000.0
2014-03-31,15946864000,246923000,2014-05-14,0.3,,1093620000,-36442000.0,148251000.0,0.22578500758947348,-184693000.0
2014-06-30,16667233000,299065000,2014-08-06,0.3,,2415343393,623513000.0,270674000.0,0.1238188329107703,352839000.0
2014-09-30,17299930000,326181000,2014-11-05,0.13,0.13,2415343393,885097000.0,386878000.0,0.13504539393666248,498219000.0
2014-12-31,17822271000,369394000,2015-02-26,0.13,0.14,1100452000,1178528000.0,509014000.0,0.33567479544768875,669514000.0
2015-03-31,17403640000,384871000,2015-05-06,0.1219,,1100452000,239780000.0,209170000.0,0.3497390163314711,30610000.0
2015-06-30,18510679000,328561000,2015-08-06,0.1,0.1,1095440000,524227000.0,322303000.0,0.299935185861389,201924000.0
2015-09-30,19160848000,295884000,2015-11-05,0.07,0.1,1095440000,807765000.0,377349000.0,0.2701051632220843,430416000.0
2015-12-31,20580107000,494150000,2016-02-19,0.14,0.1,1090428000,1629907000.0,504281000.0,0.45317068160392066,1125626000.0
2016-03-31,19524323000,385218000,2016-05-12,0.09,0.11,1090428000,-176450000.0,290806000.0,0.35327229308124886,-467256000.0
2016-06-30,19298198000,364160000,2016-08-10,0.1,0.09,2415343393,869331000.0,345151000.0,0.1507694521016706,524180000.0
2016-09-30,19445181000,376819000,2016-11-10,0.11,0.1,2415343393,730901000.0,432487000.0,0.15601052881013677,298414000.0
2016-12-31,19085253000,435388000,2017-02-23,0.12,0.12,1091344000,1089888000.0,597926000.0,0.39894661994751424,491962000.0
2017-03-31,18727888000,352562000,2017-05-11,0.11,0.09,1091344000,402171000.0,422510000.0,0.3230530428535824,-20339000.0
2017-06-30,19173040000,235542000,2017-08-09,0.07,0.09,2415343393,855587000.0,470785000.0,0.0975190528529539,384802000.0
2017-09-30,20532587000,544654000,2017-11-08,0.16,0.16,2415343393,506064000.0,491363000.0,0.22549754274215533,14701000.0
2017-12-31,21573907000,404890000,2018-02-21,0.12,0.12,1091490000,515598000.0,679871000.0,0.3709516349210712,-164273000.0
2018-03-31,20751122000,73855000,2018-05-02,0.02,0.04,2182980000,-113088000.0,355362000.0,0.03383219269072552,-468450000.0
2018-06-30,22645585000,241589000,2018-08-02,0.0537,0.11,2414171333,742663000.0,345391000.0,0.10007119076332766,397272000.0
2018-09-30,23834232000,327334000,2018-11-07,0.0777,0.17,2357559067,812949000.0,342397000.0,0.13884445339328585,470552000.0
2018-12-31,23467044000,507643000,2019-02-20,0.0647,0.16,2130096000,1446435000.0,372755000.0,0.23831930579654625,1073680000.0
2019-03-31,20739253000,233661000,2019-05-16,0.06,0.05,2130096000,462403000.0,214105000.0,0.10969505599747617,248298000.0
2019-06-30,21692645000,108601000,2019-08-14,0.03,0.06,2357217024,1064843000.0,257781000.0,0.04607170188161682,807062000.0
2019-09-30,23203290000,297800000,2019-11-06,0.07,0.06,2357217024,921819000.0,343248000.0,0.12633541882989557,578571000.0
2019-12-31,23662787000,-266536000,2020-02-21,-0.06,0.09,2359505309,475787000.0,424912000.0,-0.1129626617000335,50875000.0
2020-03-31,21387138000,160859000,2020-05-13,0.03,0.05,1093226000,931992000.0,220569000.0,0.1471415791428305,711423000.0
2020-06-30,15876234000,41066000,2020-08-12,0.01,0.02,2361793593,870759000.0,212525000.0,0.01738763290819038,658234000.0
2020-09-30,20762078000,265433000,2020-11-04,0.05,0.06,2361982378,827569000.0,266328000.0,0.11237721435701584,561241000.0
2020-12-31,23215652000,426025000,2021-02-24,0.07,0.07,1093904000,507799000.0,451392000.0,0.3894537363424944,56407000.0
2021-03-31,22029756000,132163000,2021-05-05,0.02,0.05,1093904000,128424000.0,235986000.0,0.1208177317205166,-107562000.0
2021-06-30,26346286000,-31080000,2021-08-11,0.0523,0.04,1093905000,1149648000.0,306547000.0,-0.028411973617453068,843101000.0
2021-09-30,29452457000,369203000,2021-11-04,0.06,0.04,1096801000,604371000.0,317014000.0,0.33661803736502793,287357000.0
2021-12-31,5710932178,68038644,2022-02-23,0.06,0.07,1090894619,703517000.0,230701000.0,0.06236958438970905,472816000.0
2022-03-31,31503291000,452252000,2022-05-11,0.08,0.0546,1096945000,-219580811.0,38993538.0,0.4122832047185593,-258574349.0
2022-06-30,36879377000,452867000,2022-08-03,0.08,0.03,1096839000,-75254400.0,56142779.0,0.4128837504866257,-131397179.0
2022-09-30,39294732000,180309000,2022-11-10,0.01,0.01,1097331000,1292724000.0,371637000.0,0.1643159630047816,921087000.0
2022-12-31,35957308000,822619000,2023-02-15,0.14,0.02,1100314838,1518549000.0,367996000.0,0.7476214730460629,1150553000.0
2023-03-31,30551753000,262065000,2023-05-03,0.05,0.04,1097331000,1518549000.0,367996000.0,0.23882037416239948,1150553000.0
2023-06-30,29592540000,213876000,2023-08-09,0.04,0.05,1104379000,898304000.0,197321000.0,0.19366177734274193,700983000.0
2023-09-30,32483536000,864854000,2023-11-08,0.16,0.08,1104256000,-184963500.0,455717700.0,0.7832006346354469,-640681200.0
2023-12-31,33420872000,1099000000,2024-02-28,0.2,0.11,1105679783,1275432000.0,269870000.0,0.9939586640701018,1005562000.0
2024-03-31,30395902000,431474000,2024-05-08,0.08,0.09,1111626000,-579920000.0,326198000.0,0.3881467328040186,-906118000.0
2024-06-30,32343947000,437915000,2024-08-07,0.08,0.08,1119410000,221840344.0,71184804.0,0.39120161513654517,150655540.0
2024-09-30,35357672000,651582000,2024-11-13,0.1002,0.09,1119907000,780473000.0,415915000.0,0.5818179545265812,364558000.0
2024-12-31,35401392000,841769000,2025-02-26,0.0405,0.0507,1107894736,2230595000.0,687907000.0,0.7597914970145684,1542688000.0
2025-03-31,33329262000,332846000,2025-05-06,0.0523,0.069,1110955000,3019000.0,381891000.0,0.2996034942909479,-378872000.0
2025-06-30,34055043000,1088364000,2025-08-13,1.0,0.0666,1109447000,917903000.0,478690000.0,0.980996838965719,439213000.0
2025-09-30,37033855000,709188000,2025-11-12,0.1197,0.0893,1107587000,327996256.0,88202176.0,0.6403000396357126,239794080.0
