fiscalDateEnding,totalRevenue,netIncome,reportedDate,reportedEPS,estimatedEPS,commonStockSharesOutstanding,operatingCashflow,capitalExpenditures,eps_computed_simple,freeCashFlow
2005-09-30,970772000,8319000,2005-10-27,0.27,0.3,110296000,126005000,62496000,0.07542431275839559,63509000
2005-12-31,967175000,12274000,2006-02-27,0.23,0.24,121012000,68983000,70069000,0.10142795755792813,-1086000
2006-03-31,1034289000,51084000,2006-04-27,0.37,0.35,121012000,110340000,94938000,0.4221399530625062,15402000
2006-06-30,1047673000,60259000,2006-07-27,0.39,0.32,119974000,78732000,71985000,0.5022671578842083,6747000
2006-09-30,1043457000,113945000,2006-10-26,0.27,0.31,114002000,60948000,66085000,0.9995000087717759,-5137000
2006-12-31,1065881000,34170000,2007-02-28,0.3,0.31,107372000,-80781000,108132000,0.31823939202026597,-188913000
2007-03-31,1197601000,49508000,2007-04-26,0.45,0.41,107372000,98976000,99349000,0.46108855195022913,-373000
2007-06-30,1178976000,52071000,2007-07-26,0.4,0.41,107456000,60000000,85238000,0.4845797349612865,-25238000
2007-09-30,1180217000,28836000,2007-10-29,0.32,0.33,107258000,163805000,78779000,0.2688470790057618,85026000
2007-12-31,1194211000,39954000,2008-02-28,0.37,0.35,102672000,25714000,76447000,0.3891421224871435,-50733000
2008-03-31,1297715000,61663000,2008-04-24,0.6,0.44,102672000,131676000,81751000,0.6005824372759857,49925000
2008-06-30,1278692000,66617000,2008-07-28,0.54,0.46,101484000,66790000,74311000,0.6564285995822001,-7521000
2008-09-30,1244462000,36987000,2008-10-27,0.37,0.39,101522000,197477000,83818000,0.36432497389728336,113659000
2008-12-31,1237402000,46477000,2009-02-26,0.41,0.4,98412000,67157000,114657000,0.4722696419135878,-47500000
2009-03-31,1312419000,67541000,2009-04-27,0.69,0.57,98412000,152002000,78219000,0.6863085802544405,73783000
2009-06-30,1303640000,80893000,2009-07-28,0.72,0.56,98104000,144578000,105029000,0.824563728288347,39549000
2009-09-30,1295109000,51074000,2009-10-29,0.52,0.44,98504000,187695000,95577000,0.5184967107934703,92118000
2009-12-31,1291211000,60865000,2010-02-25,0.57,0.48,97450000,49030000,100923000,0.6245767060030785,-51893000
2010-03-31,1347153000,71819000,2010-04-26,0.73,0.69,97450000,135717000,62576000,0.7369830682401232,73141000
2010-06-30,1338315000,65572000,2010-07-26,0.68,0.69,98054000,83653000,59064000,0.668733554979909,24589000
2010-09-30,1323264000,55610000,2010-10-27,0.55,0.56,97935000,180229000,56110000,0.5678255986113239,124119000
2010-12-31,1559453000,37182000,2011-02-28,0.58,0.61,98868000,101745000,79495000,0.3760771938342032,22250000
2011-03-31,1910528000,114044000,2011-04-26,1.15,0.94,98868000,183177000,56558000,1.1534975927499291,126619000
2011-06-30,1902234000,103523000,2011-07-27,1.04,1.03,99258000,172599000,59682000,1.0429688287090209,112917000
2011-09-30,1848662000,84889000,2011-10-27,0.86,0.85,98598000,206726000,79164000,0.860960668573399,127562000
2011-12-31,1838774000,95271000,2012-02-27,0.91,0.9,97791000,155749000,128527000,0.9742307574316655,27222000
2012-03-31,1825289000,128439000,2012-04-26,1.13,1.17,97791000,133723000,92563000,1.3134030739025064,41160000
2012-06-30,1729803000,107435000,2012-07-26,1.12,1.11,97729000,239139000,101264000,1.0993154539594183,137875000
2012-09-30,1680353000,71732000,2012-10-30,0.91,0.99,97611000,162144000,113456000,0.7348761922324328,48688000
2012-12-31,1764927000,135343000,2013-02-28,1.0,0.93,98571000,280265000,583756000,1.373050897322742,-303491000
2013-03-31,1831632000,119715000,2013-04-25,1.22,1.19,98571000,187763000,95919000,1.2145052804577412,91844000
2013-06-30,1834975000,151753000,2013-07-25,1.2,1.16,99211000,218239000,81345000,1.5295985324208001,136894000
2013-09-30,1816369000,114544000,2013-10-29,1.1,1.01,99587000,185730000,103807000,1.1501902858806872,81923000
2013-12-31,1800846000,124427000,2014-02-27,1.03,1.07,100157000,292509000,90058000,1.2423195582934792,202451000
2014-03-31,1920166000,138008000,2014-04-24,1.36,1.23,100157000,194639000,95688000,1.377916670826802,98951000
2014-06-30,2019821000,151594000,2014-07-24,1.55,1.25,100235000,263777000,162098000,1.512385893151095,101679000
2014-09-30,2017758000,82780000,2014-10-27,1.36,1.35,101033000,231138000,453980000,0.8193362564706581,-222842000
2014-12-31,2107581000,172725000,2015-02-26,1.51,1.5,100751000,346322000,110770000,1.7143750434238867,235552000
2015-03-31,2225353000,174231000,2015-04-27,1.78,1.56,100647000,271275000,123776000,1.7311097201108825,147499000
2015-06-30,2275204000,182122000,2015-07-30,1.85,1.63,100927000,260328000,81304000,1.804492355861167,179024000
2015-09-30,2227655000,150205000,2015-10-27,1.53,1.57,101159000,264896000,247601000,1.4848406963295406,17295000
2015-12-31,2315239000,173689000,2016-02-25,1.71,1.74,100043000,224399000,460295000,1.7361434583129254,-235896000
2016-03-31,2449798000,190670000,2016-04-27,1.98,1.87,98895000,464227000,146757000,1.928004449163254,317470000
2016-06-30,2430855000,185493000,2016-07-26,1.94,1.94,98389000,336955000,128483000,1.8853022187439652,208472000
2016-09-30,2409872000,151796000,2016-10-26,1.6,1.68,98321000,298923000,257144000,1.5438817750022884,41779000
2016-12-31,2475685000,174136000,2017-02-28,1.8,1.81,97915000,188369000,622833000,1.7784404840933463,-434464000
2017-03-31,2612858000,205961000,2017-04-25,2.1,2.06,97372000,483008000,171626000,2.115197387339276,311382000
2017-06-30,2612356000,185312000,2017-07-25,1.94,2.06,97042000,50584000,129884000,1.90960614991447,-79300000
2017-09-30,2541864000,141083000,2017-10-25,1.64,1.68,95977000,344673000,163194000,1.469966762870271,181479000
2017-12-31,2642787000,219504000,2018-02-28,2.0,1.84,94909000,304316000,144727000,2.312783824505579,159589000
2018-03-31,2687516000,223728000,2018-04-25,2.45,2.59,94683000,364051000,218542000,2.3629162574062925,145509000
2018-06-30,2681353000,225660000,2018-07-25,2.47,2.39,94281000,265210000,196728000,2.3934833105291626,68482000
2018-09-30,2648913000,171429000,2018-10-25,2.23,2.01,93330000,346227000,239582000,1.8368048858887818,106645000
2018-12-31,2754496000,157797000,2019-02-27,2.37,2.34,92706000,365405000,156817000,1.7021228399456345,208588000
2019-03-31,2804391000,233653000,2019-04-25,2.45,2.62,90967000,390901000,179526000,2.568546835665681,211375000
2019-06-30,2855168000,237664000,2019-07-25,2.76,2.5,89235000,233185000,158287000,2.663349582562896,74898000
2019-09-30,2822453000,96947000,2019-10-24,1.99,2.3,88355000,425224000,160674000,1.0972440722087036,264550000
2019-12-31,2896247000,244562000,2020-02-26,2.79,2.57,87603000,389159000,165031000,2.791708046528087,224128000
2020-03-31,2829667000,141664000,2020-04-27,1.73,2.55,86455000,502062000,185959000,1.6385865479151003,316103000
2020-06-30,2729754000,251105000,2020-07-27,2.93,0.88,85059000,949307000,173072000,2.9521273469003866,776235000
2020-09-30,2912541000,240489000,2020-10-29,2.88,1.94,85247000,766788000,192970000,2.821084612948256,573818000
2020-12-31,3086935000,307714000,2021-02-25,3.59,2.78,85587000,142012000,182208000,3.5953357402409245,-40196000
2021-03-31,3012987000,208539000,2021-04-26,2.44,2.27,85796000,71795000,248034000,2.4306377919716535,-176239000
2021-06-30,3197880000,324363000,2021-07-26,3.76,2.7,85624000,47653000,235423000,3.7882252639446885,-187770000
2021-09-30,3155999000,217955000,2021-10-25,2.67,2.75,83673000,442227000,162366000,2.60484266131249,279861000
2021-12-31,3275251000,238674000,2022-02-24,2.95,2.87,79675000,322020000,209836000,2.9955946030749923,112184000
2022-03-31,3292956000,153664000,2022-04-25,2.15,2.46,76041000,445433000,200002000,2.0208045659578384,245431000
2022-06-30,3323407000,163898000,2022-07-25,2.2,2.35,74435000,32614000,207960000,2.2018942701686033,-175346000
2022-09-30,3336027000,182635000,2022-10-25,2.54,2.43,73060000,220672000,161593000,2.499794689296469,59079000
2022-12-31,3446980000,174820000,2023-02-27,3.02,2.96,71792000,297304000,164446000,2.435090260753287,132858000
2023-03-31,3467518000,163115000,2023-04-25,2.34,2.19,71487000,290753000,168752000,2.2817435337893603,122001000
2023-06-30,3548138000,171313000,2023-07-25,2.53,2.43,70839000,362948000,167912000,2.4183430031479833,195036000
2023-09-30,3562774000,166989000,2023-10-25,2.55,2.36,69624000,161665000,200001000,2.3984401930368837,-38336000
2023-12-31,3703546000,216378000,2024-02-27,3.13,2.88,68550000,452431000,206390000,3.156498905908096,246041000
2024-03-31,3843582000,261834000,2024-04-24,3.7,3.15,68482000,396406000,208539000,3.8233988493326714,187867000
2024-06-30,3907604000,289152000,2024-07-24,4.31,3.28,67920000,679281000,241394000,4.257243816254417,437887000
2024-09-30,3963027000,258714000,2024-10-24,3.71,3.65,68108000,332977000,247932000,3.798584600927938,85045000
2024-12-31,4113722000,332397000,2025-02-25,4.92,4.1753,67074000,658437000,245945000,4.9556758207353075,412492000
2025-03-31,4099720000,316680000,2025-04-22,4.84,4.3525,66037000,360048000,239026000,4.795493435498281,121022000
2025-06-30,4283816000,353218000,2025-07-22,5.35,4.97,64991000,548978000,266014000,5.434875598159746,282964000
2025-09-30,4495245000,372957000,2025-10-27,5.69,4.84,64991000,380678000,247568000,5.738594574633411,133110000
