fiscalDateEnding,totalRevenue,netIncome,reportedDate,reportedEPS,estimatedEPS,commonStockSharesOutstanding,operatingCashflow,capitalExpenditures,eps_computed_simple,freeCashFlow
2011-09-30,79167000,21493000,2011-11-30,-1.2952,,89740183,15719000,205000,0.23950252029238675,15514000
2011-12-31,87817000,24691000,2012-01-31,0.27,0.25,90056000,4251000,905000,0.27417384738385003,3346000
2012-03-31,91665000,27920000,2012-05-01,0.3,0.27,94177000,31733000,507000,0.2964630429935122,31226000
2012-06-30,94868000,28485000,2012-08-09,0.3,0.29,94168000,30085000,1693000,0.3024912921586951,28392000
2012-09-30,61535000,13179000,2012-11-08,0.15,0.16,92925000,23695000,2349000,0.14182405165456013,21346000
2012-12-31,74901000,17803000,2013-02-07,0.2,0.18,90056000,26830000,1118000,0.19768810517899973,25712000
2013-03-31,83155000,20667000,2013-05-09,0.24,0.22,88953000,35159000,941000,0.23233617753195507,34218000
2013-06-30,101232000,28841000,2013-08-08,0.33,0.27,89064000,46207000,955000,0.3238233180634151,45252000
2013-09-30,129687000,40528000,2013-11-07,0.46,0.4,89473000,51880000,460000,0.45296346383825287,51420000
2013-12-31,138439000,41792000,2014-02-06,0.48,0.45,89653000,27624000,1502000,0.4661528337032782,26122000
2014-03-31,148331000,45199000,2014-05-08,0.5,0.49,89775000,-13970000,1282000,0.5034697855750487,-15252000
2014-06-30,156007000,49418000,2014-08-07,0.56,0.51,89821000,55793000,801000,0.5501831420269202,54992000
2014-09-30,150087000,37743000,2014-11-06,0.48,0.53,89913000,46942000,3461000,0.4197724466984752,43481000
2014-12-31,153137000,46265000,2015-02-05,0.53,0.48,89737000,32676000,4930000,0.5155621427059073,27746000
2015-03-31,147456000,41137000,2015-05-07,0.47,0.47,89400000,36726000,2426000,0.4601454138702461,34300000
2015-06-30,145267000,4518000,2015-08-06,0.5,0.46,89110000,18203000,1907000,0.0507013803164628,16296000
2015-09-30,151415000,53759000,2015-11-05,0.51,0.48,88465000,47727000,1830000,0.607686655739558,45897000
2015-12-31,161871000,49452000,2016-02-04,0.58,0.51,86091000,77347000,1192000,0.5744154441230791,76155000
2016-03-31,167433000,52699000,2016-05-05,0.63,0.56,84685000,26870000,1798000,0.6222943850740982,25072000
2016-06-30,185676000,57706000,2016-08-04,0.69,0.64,83836000,45564000,1428000,0.688320053437664,44136000
2016-09-30,204757000,71788000,2016-11-03,0.79,0.69,83854000,32769000,1064000,0.8561070431941231,31705000
2016-12-31,213536000,60608000,2017-02-09,0.72,0.77,83888000,42902000,1772000,0.7224871256913981,41130000
2017-03-31,218359000,64432000,2017-05-04,0.78,0.74,83317000,-9776000,2868000,0.7733355737724594,-12644000
2017-06-30,228616000,60678000,2017-08-03,0.75,0.74,81906000,46141000,1528000,0.7408248479964837,44613000
2017-09-30,245868000,74925000,2017-11-09,0.92,0.86,81748000,96920000,2932000,0.9165361843714831,93988000
2017-12-31,250811000,-51459000,2018-02-08,0.76,0.89,77654000,68746000,3263000,-0.6626703067453061,65483000
2018-03-31,250404000,102739000,2018-05-10,0.98,0.93,77953000,119443000,1123000,1.3179608225469193,118320000
2018-06-30,269778000,70085000,2018-08-24,1.01,1.01,74307000,46938000,1797000,0.94318166525361,45141000
2018-09-30,282905000,85703000,2018-11-09,1.17,1.05,73963000,93941000,4035000,1.1587280126549762,89906000
2018-12-31,307276000,77796000,2019-02-08,1.32,1.08,71406000,50642000,1575000,1.0894882782959414,49067000
2019-03-31,284911000,88300000,2019-05-10,1.26,1.1,70692000,13671000,2091000,1.2490805183047586,11580000
2019-06-30,286641000,70895000,2019-08-09,1.19,1.16,70282000,101004000,1983000,1.0087220056344441,99021000
2019-09-30,323277000,98146000,2019-11-08,1.44,1.29,68484000,119650000,3333000,1.4331230652415163,116317000
2019-12-31,308284000,85811000,2020-02-07,1.4,1.48,65071000,123688000,1852000,1.318728773186212,121836000
2020-03-31,337417000,103722000,2020-05-08,1.61,1.33,64699000,91992000,23601000,1.6031468801681634,68391000
2020-06-30,315522000,92618000,2020-08-21,1.46,1.37,63756000,124954000,1833000,1.4526946483468222,123121000
2020-09-30,473533000,156509000,2020-11-06,2.47,1.45,63673000,116961000,2836000,2.4580120302168895,114125000
2020-12-31,479436000,159668000,2021-02-05,2.53,1.77,62889000,191988000,9034000,2.538885973699693,182954000
2021-03-31,467237000,146075000,2021-05-07,2.3,2.18,62865000,138824000,4132000,2.323630000795355,134692000
2021-06-30,477888000,154332000,2021-08-27,2.47,2.34,62761000,164249000,2323000,2.4590430362804927,161926000
2021-09-30,458914000,132150000,2021-11-05,2.12,2.62,62561000,100938000,2971000,2.1123383577628236,97967000
2021-12-31,431565000,103649000,2022-02-04,1.66,2.29,62361000,95187000,3521000,1.6620804669585156,91666000
2022-03-31,358068000,50354000,2022-05-06,0.83,1.79,61435000,104155000,4571000,0.8196305037844877,99584000
2022-06-30,443145000,92504000,2022-08-26,1.55,1.8,60507000,69979000,2405000,1.5288148478688417,67574000
2022-09-30,498083000,93182000,2022-11-04,1.55,1.8,60446000,41984000,8662000,1.5415742977202793,33322000
2022-12-31,493571000,112205000,2023-02-03,1.87,1.29,60448000,-39651000,4806000,1.8562235309687665,-44457000
2023-03-31,457773000,98577000,2023-05-05,0.65,1.96,60455000,-162205000,2182000,1.6305847324456206,-164387000
2023-06-30,491085000,103677000,2023-08-25,1.73,1.8,60449000,14444000,5284000,1.715115221095469,9160000
2023-09-30,463078000,87750000,2023-11-03,1.47,1.9,60451000,67682000,3025000,1.451588890175514,64657000
2023-12-31,464954000,82116000,2024-02-09,1.38,1.64,60451000,78581000,3852000,1.3583894393806555,74729000
2024-03-31,492997000,76290000,2024-05-10,1.28,1.56,60463000,163852000,3232000,1.2617633924879679,160620000
2024-06-30,507461000,103804000,2024-08-23,1.74,1.73,60466000,231401000,1866000,1.716733370819965,229535000
2024-09-30,550344000,127988000,2024-11-08,2.14,1.63,60494000,233667000,2604000,2.1157139551029855,231063000
2024-12-31,599879000,136795000,2025-02-07,2.28,2.14,60527000,152431000,1986000,2.2600657557784127,150445000
2025-03-31,664170000,180435000,2025-05-09,3.01,1.97,60545000,123573000,2828000,2.980180031381617,120745000
2025-06-30,759152000,266705000,2025-08-22,3.54,2.23,60545000,130356000,5168000,4.405070608638203,125188000
2025-09-30,733773000,207876000,2025-11-07,3.46,2.93,60559000,198452000,5158000,3.4326194289866083,193294000
