fiscalDateEnding,totalRevenue,netIncome,reportedDate,reportedEPS,estimatedEPS,commonStockSharesOutstanding,operatingCashflow,capitalExpenditures,eps_computed_simple,freeCashFlow
2004-06-30,19283000000.0,1377500000.0,2004-07-28,0.4,0.39,2997297297.0,2773500000.0,488713000.0,0.45958070338192414,2284787000.0
2004-09-30,9782045520.0,1128264540.0,2004-10-27,0.46,0.39,2997297297.0,1393000000.0,0.0,0.37642730373436156,1393000000.0
2004-12-31,19283000000.0,1377500000.0,2005-02-10,0.39,0.31,3138508109.0,2773500000.0,488713000.0,0.43890280099958157,2284787000.0
2005-03-31,8783000000.0,934000000.0,2005-05-06,0.32,0.29,3026486486.0,471000000.0,182000000.0,0.3086086801710569,289000000.0
2005-06-30,19200500000.0,1883000000.0,2005-08-04,0.4,0.38,3026486486.0,2176500000.0,406500000.0,0.6221736025290152,1770000000.0
2005-09-30,19200500000.0,1883000000.0,2005-11-03,0.36,0.42,3036108109.0,2176500000.0,406500000.0,0.6202018941348574,1770000000.0
2005-12-31,19200500000.0,1883000000.0,2006-02-09,0.14,0.36,3036108109.0,2176500000.0,406500000.0,0.6202018941348574,1770000000.0
2006-03-31,19821000000.0,2372500000.0,2006-05-04,0.4471,,2906971514.0,1156221330.0,250247700.0,0.8161414683886716,905973630.0
2006-06-30,19821000000.0,2372500000.0,2006-08-03,0.41,0.42,2906971514.0,1156221330.0,250247700.0,0.8161414683886716,905973630.0
2006-09-30,19821000000.0,2372500000.0,2006-11-02,0.3,0.4,2984443000.0,1653000000.0,220000000.0,0.7949557086531724,1433000000.0
2006-12-31,19821000000.0,2372500000.0,2007-02-08,0.38,0.33,2984443000.0,2749778670.0,683752300.0,0.7949557086531724,2066026370.0
2007-03-31,9525426000.0,1012801680.0,2007-05-03,0.43,0.48,2984902000.0,202111200.0,193877040.0,0.3393081849923381,8234160.0
2007-06-30,19050852000.0,2025603360.0,2007-08-02,0.4983,,5969804000.0,1709000000.0,435000000.0,0.3393081849923381,1274000000.0
2007-09-30,10243000000.0,1010000000.0,2007-11-01,0.4483,,2979800000.0,1425000000.0,190000000.0,0.3389489227464931,1235000000.0
2007-12-31,20486000000.0,2020000000.0,2008-02-07,0.34,0.35,5959600000.0,1615000000.0,548000000.0,0.3389489227464931,1067000000.0
2008-03-31,20748000000.0,1818000000.0,2008-05-08,0.7681,,2925600000.0,1692000000.0,549500000.0,0.6214109926168991,1142500000.0
2008-06-30,20748000000.0,1818000000.0,2008-07-31,0.5491,,2925600000.0,1692000000.0,549500000.0,0.6214109926168991,1142500000.0
2008-09-30,10427000000.0,1643000000.0,2008-10-30,0.45,0.39,2913500000.0,1692000000.0,549500000.0,0.5639265488244379,1142500000.0
2008-12-31,19775000000.0,3209000000.0,2009-02-05,0.5778,,2905900000.0,1692000000.0,549500000.0,1.1043050345848102,1142500000.0
2009-03-31,19010000000.0,1462000000.0,2009-05-07,0.33,0.29,5757800000.0,2887000000.0,684500000.0,0.25391642641286605,2202500000.0
2009-06-30,19010000000.0,1462000000.0,2009-08-06,0.36,0.39,5757800000.0,2887000000.0,684500000.0,0.25391642641286605,2202500000.0
2009-09-30,20402000000.0,2100000000.0,2009-11-05,0.48,0.42,5771200000.0,2887000000.0,684500000.0,0.36387579706126977,2202500000.0
2009-12-31,20402000000.0,2100000000.0,2010-02-04,0.33,0.25,5771200000.0,2887000000.0,684500000.0,0.36387579706126977,2202500000.0
2010-03-31,20286000000.0,1946000000.0,2010-04-29,0.5212,,5804800000.0,2745000000.0,907500000.0,0.33523980154355015,1837500000.0
2010-06-30,20286000000.0,1946000000.0,2010-08-05,0.47,0.54,5804800000.0,2745000000.0,907500000.0,0.33523980154355015,1837500000.0
2010-09-30,23096000000.0,2508000000.0,2010-11-04,0.56,0.67,5810800000.0,1629000000.0,907500000.0,0.4316101053211262,721500000.0
2010-12-31,23096000000.0,2508000000.0,2011-02-03,0.45,0.54,5810800000.0,1624000000.0,907500000.0,0.4316101053211262,716500000.0
2011-06-30,23233500000.0,2126000000.0,2011-09-30,0.464,0.0,2908100000.0,2726000000.0,1049500000.0,0.7310615178295107,1676500000.0
2011-12-31,23233500000.0,2126000000.0,2012-03-31,0.4866,0.0,2908100000.0,2726000000.0,1049500000.0,0.7310615178295107,1676500000.0
2012-06-30,25398000000.0,2237000000.0,2012-07-26,0.96,0.91,2915000000.0,2539000000.0,1231000000.0,0.767409948542024,1308000000.0
2012-12-31,25926000000.0,2243000000.0,2013-03-31,0.5317,0.0,2915000000.0,4297000000.0,1149000000.0,0.7694682675814751,3148000000.0
2013-06-30,25500000000.0,2429000000.0,2013-09-30,0.5617,0.0,2925600000.0,2105000000.0,632000000.0,0.8302570412906755,1473000000.0
2013-12-31,24297000000.0,2413000000.0,2014-03-31,0.6683,0.0,2922400000.0,4189000000.0,1159000000.0,0.8256912127018888,3030000000.0
2014-06-30,24098000000.0,2818000000.0,2014-09-30,0.5165,0.0,2911100000.0,1744000000.0,789000000.0,0.9680189619044347,955000000.0
2014-12-31,24338000000.0,2353000000.0,2015-01-20,0.4673,0.0,2854100000.0,3799000000.0,1104000000.0,0.8244280158368663,2695000000.0
2015-06-30,26991000000.0,2489000000.0,2015-07-23,0.4743,0.0,2854900000.0,2246000000.0,844000000.0,0.8718343899961469,1402000000.0
2015-12-31,26281000000.0,2420000000.0,2016-01-19,0.5011,0.0,2855900000.0,5084000000.0,1023000000.0,0.8473686053433244,4061000000.0
2016-06-30,26283000000.0,2512000000.0,2016-07-21,0.5279,0.0,2853500000.0,1819000000.0,759000000.0,0.8803224110741195,1060000000.0
2016-09-30,6747244000.0,135694000.0,2016-10-13,0.4947,0.0,274295500.0,2614000000.0,522500000.0,0.49470005887810775,2091500000.0
2016-12-31,26430000000.0,2672000000.0,2017-01-26,0.5815,0.0,2854300000.0,5228000000.0,1045000000.0,0.9361314507935395,4183000000.0
2017-03-31,6171522000.0,1555000000.0,2017-04-20,0.6225,0.0,2497992000.0,1092500000.0,336000000.0,0.6224999919935692,756500000.0
2017-06-30,27725000000.0,3110000000.0,2017-07-20,1.09,0.0,2845700000.0,2185000000.0,672000000.0,1.0928769722739573,1513000000.0
2017-09-30,7219212000.0,-65601000.0,2017-10-19,0.0,0.0,,2553500000.0,418500000.0,,2135000000.0
2017-12-31,25990000000.0,2943000000.0,2018-02-01,0.85,0.0,2782300000.0,5107000000.0,837000000.0,1.0577579700247997,4270000000.0
2018-03-31,16208635748.56,1869233608.07,2018-04-24,0.6481,0.0,2884174700.0,1479886824.95,304465493.91,0.6480999947992054,1175421331.04
2018-06-30,26352000000.0,3031000000.0,2018-07-19,1.22,0.0,2737300000.0,2690000000.0,495000000.0,1.1072955101742592,2195000000.0
2018-09-30,14256772401.02,3675619356.33,2018-10-18,1.3691,0.0,2684697500.0,2516207455.43,482750636.72,1.3691000033821314,2033456818.7099998
2018-12-31,24630000000.0,6338000000.0,2019-01-31,2.36,0.0,12973377200.0,4628000000.0,834000000.0,0.48853894420028116,3794000000.0
2019-03-31,57884974015.46,6660117579.83,2019-05-02,0.6482,0.0,10274788000.0,1196000000.0,1236309251.35,0.6481999998277337,-40309251.349999905
2019-06-30,26126000000.0,3006000000.0,2019-07-25,0.5451,0.0,2625600000.0,2392000000.0,558000000.0,1.1448811700182815,1834000000.0
2019-09-30,39593035635.19,4010758889.48,2019-11-13,0.5609,0.0,7150577400.0,2858500000.0,1160807651.08,0.5609000036108972,1697692348.92
2019-12-31,25854000000.0,2619000000.0,2020-01-30,2.55,0.0,2627800000.0,5717000000.0,758000000.0,0.9966511911104345,4959000000.0
2020-03-31,,,2020-04-23,0.7023,0.0,,1764000000.0,211000000.0,,1553000000.0
2020-06-30,25714000000.0,3284000000.0,2020-07-23,1.35,0.0,2627200000.0,3528000000.0,422000000.0,1.25,3106000000.0
2020-09-30,,,2020-10-22,0.5316,0.0,,2765000000.0,220500000.0,,2544500000.0
2020-12-31,25010000000.0,2297000000.0,2021-02-04,2.48,0.0,2583950178.0,5530000000.0,441000000.0,0.8889490283353289,5089000000.0
2021-03-31,,,2021-04-29,1.54,1.54,,1522000000.0,193000000.0,,1329000000.0
2021-06-30,25791000000.0,3121000000.0,2021-07-22,1.33,1.55,2627200000.0,3044000000.0,386000000.0,1.187956760048721,2658000000.0
2021-09-30,,,2021-10-21,1.41,1.41,,2464000000.0,361000000.0,,2103000000.0
2021-12-31,26653000000.0,2928000000.0,2022-02-10,1.4,1.4,2561000000.0,4928000000.0,722000000.0,1.1433033971105038,4206000000.0
2022-03-31,,,2022-04-28,0.0,0.0,,1524500000.0,296500000.0,,1228000000.0
2022-06-30,29623000000.0,2905000000.0,2022-07-26,1.37,1.37,2566200000.0,3049000000.0,593000000.0,1.1320240043644298,2456000000.0
2022-09-30,15225000000.0,2368500000.0,2022-10-27,0.0,1.12,2553400000.0,2116500000.0,431500000.0,0.9275867470823216,1685000000.0
2022-12-31,30450000000.0,4737000000.0,2023-02-09,1.21,1.21,2591971767.0,4233000000.0,863000000.0,1.8275662028073318,3370000000.0
2023-03-31,15214000000.0,1774000000.0,2023-04-27,0.0,0.0,2536800000.0,1683000000.0,274000000.0,0.6993062125512457,1409000000.0
2023-06-30,30428000000.0,3548000000.0,2023-07-25,1.4,1.4,2536800000.0,3366000000.0,478000000.0,1.3986124251024914,2888000000.0
2023-09-30,14588000000.0,1469500000.0,2023-10-26,0.0,0.0,2528000000.0,3030000000.0,477000000.0,0.5812895569620253,2553000000.0
2023-12-31,29176000000.0,2939000000.0,2024-02-08,2.6,1.35,2528000000.0,6060000000.0,954000000.0,1.1625791139240507,5106000000.0
2024-06-30,31117000000.0,3701000000.0,2024-07-25,1.53,1.53,2511000000.0,3364000000.0,617000000.0,1.4739147749900439,2747000000.0
2024-12-31,29644000000.0,2043000000.0,2025-03-13,0.82,6.16,2503200000.0,6155000000.0,1121000000.0,0.8161553211888782,5034000000.0
2025-06-30,30127000000.0,3512000000.0,2025-07-31,1.42,1.84,2451778580.0,2287000000.0,701000000.0,1.4324295140876873,1586000000.0
