fiscalDateEnding,totalRevenue,netIncome,reportedDate,reportedEPS,estimatedEPS,commonStockSharesOutstanding,operatingCashflow,capitalExpenditures,eps_computed_simple,freeCashFlow
2024-03-31,670000000,56000000,2024-05-20,0.28,0.28,200003693,141000000,57000000,0.279994829895466,84000000
2024-06-30,730000000,101000000,2024-07-31,0.5,0.39,200006949,103000000,56000000,0.5049824543846224,47000000
2024-09-30,731000000,88000000,2024-11-05,0.49,0.39,200016000,150000000,66000000,0.4399648028157747,84000000
2024-12-31,739000000,81000000,2025-02-20,0.49,0.3758,202000000,130000000,58000000,0.400990099009901,72000000
2025-03-31,705000000,67000000,2025-05-06,0.37,0.3133,203000000,154000000,51000000,0.33004926108374383,103000000
2025-06-30,776000000,91000000,2025-08-05,0.52,0.473,203000000,147000000,42000000,0.4482758620689655,105000000
2025-09-30,783000000,100000000,2025-11-04,0.56,0.4715,203000000,155000000,46000000,0.49261083743842365,109000000
