fiscalDateEnding,totalRevenue,netIncome,reportedDate,reportedEPS,estimatedEPS,commonStockSharesOutstanding,operatingCashflow,capitalExpenditures,eps_computed_simple,freeCashFlow
2005-09-30,27775937000,3086215000.0,2005-10-26,0.02,0.02,2454238200,,,1.2575042634410956,
2005-12-31,8819115240,-56725760.0,2006-02-14,0.02,0.03,2440662386,1402379000.0,566495000.0,-0.02324195280977301,835884000.0
2006-03-31,27027395000,8956969000.0,2006-04-26,0.09,0.05,2661193600,,,3.365771283983247,
2006-06-30,27051846437,8490105004.0,2006-08-02,0.05,0.03,2773345050,749037000.0,346383000.0,3.061323005588504,402654000.0
2006-09-30,28990169000,7579637000.0,2006-10-25,0.07,0.04,2661193600,,,2.8482095402604304,
2006-12-31,29017376385,7587553169.0,2007-02-07,0.05,0.04,2661193526,1444564000.0,1019944000.0,2.8511842881283185,424620000.0
2007-03-31,25664924000,3183359000.0,2007-05-02,0.01,0.02,2654761200,,,1.199113125504471,
2007-06-30,25718134188,3189944110.0,2007-08-01,0.04,0.02,2683985141,539417000.0,657643000.0,1.188510346525797,-118226000.0
2007-09-30,30796562000,5264875000.0,2007-10-31,0.09,0.05,3120127400,,,1.687391034096877,
2007-12-31,31469268228,5365598428.0,2008-01-30,0.02,0.04,3030278585,1482551000.0,872623000.0,1.770661765079926,609928000.0
2008-03-31,25150271065,205828000.0,2008-04-30,0.0009,0.01,2683632200,10411786000.0,5741629000.0,0.07669754446976751,4670157000.0
2008-06-30,25819960000,1299912000.0,2008-07-30,0.03,0.02,2524106000,8557493000.0,2486431000.0,0.5149989738941233,6071062000.0
2008-09-30,25166000045,-1410238727.0,2008-10-30,-0.02,0.02,2498962000,15046884000.0,1797849000.0,-0.5643298005331814,13249035000.0
2008-12-31,20100153390,-23530986373.95,2009-02-10,-0.28,-0.02,2553422800,11278360343.0,1499646790.35,-9.215468105771594,9778713552.65
2009-03-31,11184283000,-8160049000.0,2009-04-29,-0.09,-0.12,2553422800,2678207000.0,1571736000.0,-3.1957296692110684,1106471000.0
2009-06-30,22889708000,1547300000.0,2009-07-29,0.02,0.01,2553422800,2953889000.0,1256281000.0,0.605970934386581,1697608000.0
2009-09-30,28348312000,6090870000.0,2009-10-28,0.08,0.04,2527608000,13226916000.0,4595083000.0,2.409736794629547,8631833000.0
2009-12-31,28967462000,4395907000.0,2010-02-03,0.06,0.04,2527608000,13568434000.0,10194754000.0,1.7391569420574708,3373680000.0
2010-03-31,27337792000,3482165000.0,2010-04-28,0.04,0.05,2566991200,10749543000.0,10036968000.0,1.356516142322576,712575000.0
2010-06-30,30618287000,5272428000.0,2010-08-04,0.07,0.06,2527608000,11950948000.0,9359839000.0,2.08593579384145,2591109000.0
2010-09-30,34049715000,8720447000.0,2010-10-27,0.11,0.08,2502779800,15879228000.0,20339592000.0,3.4843045321046624,-4460364000.0
2010-12-31,34435750000,6423865000.0,2011-01-26,0.09,0.08,2502779800,14980281000.0,21553948000.0,2.5666920437826772,-6573667000.0
2011-03-31,31165676000,4483493000.0,2011-04-29,0.05,0.06,2562010800,11702666000.0,15691397000.0,1.7499898907529976,-3988731000.0
2011-06-30,31679065000,3191771000.0,2011-08-03,0.0431,,2502779800,9375031000.0,12355880000.0,1.275290379121647,-2980849000.0
2011-09-30,27799999000,608931000.0,2011-10-26,0.03,0.02,2522661400,9893610000.0,12082325000.0,0.2413843570127961,-2188715000.0
2011-12-31,26057983000,2325500000.0,2012-02-08,0.02,,2522661400,10682493000.0,13483716000.0,0.9218438907417381,-2801223000.0
2012-03-31,26269434000,1107838000.0,2012-04-25,0.02,0.02,2682835800,10682493000.0,13483716000.0,0.4129354468879534,-2801223000.0
2012-06-30,30377479000,2651026000.0,2012-07-25,0.04,0.03,2688754400,9792557000.0,18762327000.0,0.985968075031323,-8969770000.0
2012-09-30,30173854000,1492504000.0,2012-10-31,0.03,0.06,2671755600,9205794000.0,11704104000.0,0.5586229518897612,-2498310000.0
2012-12-31,28854353000,1077647000.0,2013-02-06,0.02,0.02,2525731800,12261813000.0,12440683000.0,0.4266672336310609,-178870000.0
2013-03-31,27781416000,6592705000.0,2013-05-08,0.0831,,2679321800,9855938000.0,7544470000.0,2.460587227708146,2311468000.0
2013-06-30,31904704000,1812000000.0,2013-08-07,0.02,0.01,2647286600,9566243000.0,8996183000.0,0.6844744350687229,570060000.0
2013-09-30,33406772000,3476095000.0,2013-10-31,0.04,0.04,2660252400,13139926000.0,11187700000.0,1.306678644477494,1952226000.0
2013-12-31,30718744000,728081000.0,2014-01-24,0.01,,2491995600,10910354000.0,8064753000.0,0.2921678513397054,2845601000.0
2014-03-31,31693585000,1179698000.0,2014-04-30,0.015,0.01,2631596800,6231640000.0,6451661000.0,0.44828219885356296,-220021000.0
2014-06-30,35869640000,3482421000.0,2014-07-30,0.05,0.04,2521572200,7680882000.0,8312966000.0,1.3810514725693757,-632084000.0
2014-09-30,35213850000,2915944000.0,2014-10-29,0.04,0.05,2516500600,12039302000.0,13135092000.0,1.158729705846285,-1095790000.0
2014-12-31,37235001000,4563278000.0,2015-01-28,0.06,0.03,2498004000,18836428000.0,16490644000.0,1.8267696929228296,2345784000.0
2015-03-31,37649644000,3979910000.0,2015-04-29,0.05,0.05,2532009200,16869811000.0,15236826000.0,1.5718386805229618,1632985000.0
2015-06-30,38011554000,4600375000.0,2015-07-29,0.06,0.04,2644508800,11458720000.0,12382829000.0,1.7395952700176305,-924109000.0
2015-09-30,35319841000,1708479000.0,2015-10-29,0.0201,,2738802200,16285926000.0,20456932000.0,0.6238051802353598,-4171006000.0
2015-12-31,33849382000,2965307000.0,2016-03-21,0.0352,,2504901000,15428422000.0,13515875000.0,1.1838020744133202,1912547000.0
2016-03-31,34404079000,209632000.0,2016-04-27,0.02,,2498454200,11449475000.0,20939487000.0,0.08390467994170155,-9490012000.0
2016-06-30,36996517000,2583270000.0,2016-08-15,0.03,0.21,2692014800,5566428000.0,29525553000.0,0.9596046797365304,-23959125000.0
2016-09-30,38163589000,2974770000.0,2016-10-28,0.03,,2680446600,13888223000.0,20428915000.0,1.1098038662661662,-6540692000.0
2016-12-31,38305939000,2853475000.0,2017-02-24,0.03,0.26,2441648000,15546371000.0,22220935000.0,1.1686676375955911,-6674564000.0
2017-03-31,37417950000,2286020000.0,2017-04-26,0.19,,2683603200,13310811000.0,18032678000.0,0.8518472477600265,-4721867000.0
2017-06-30,37537881000,2099007000.0,2017-07-26,0.03,0.21,2676665800,14817293000.0,8627238000.0,0.7841871779435445,6190055000.0
2017-09-30,37698201000,3472656000.0,2017-10-25,0.05,0.02,2688237600,11447477000.0,7539039000.0,1.2917965286996953,3908438000.0
2017-12-31,36630674000,1819015000.0,2018-01-24,0.03,0.04,2441648000,12898814000.0,11321259000.0,0.7449947740214806,1577555000.0
2018-03-31,37497137000,3400398000.0,2018-04-25,0.01,0.02,2691432200,8776371000.0,5963997000.0,1.2634158125922696,2812374000.0
2018-06-30,38851577000,3658779000.0,2018-07-25,0.049,0.02,2653772400,14264290000.0,4030782000.0,1.3787086639381734,10233508000.0
2018-09-30,39386656000,1720426000.0,2018-10-24,0.02,0.02,2670991200,15771696000.0,5781167000.0,0.6441151883989734,9990529000.0
2018-12-31,35517201000,-1101868000.0,2019-01-29,-0.0227,0.02,2410778400,12122619000.0,4652804000.0,-0.4570590146319546,7469815000.0
2019-03-31,32582959000,1201447000.0,2019-06-20,0.02,0.02,2647636200,8183111000.0,6093136000.0,0.45378099906626146,2089975000.0
2019-06-30,36031184000,1740476000.0,2019-08-20,0.02,0.02,2615932400,12268072000.0,4150640000.0,0.6653367648185404,8117432000.0
2019-09-30,37738440000,2928678000.0,2019-10-30,0.0411,0.04,2609805000,-3079565000.0,4281998000.0,1.1221826918103077,-7361563000.0
2019-12-31,41849058000,2284496000.0,2020-02-07,0.05,0.06,2341648000,37532530000.0,4436302000.0,0.9755932573982085,33096228000.0
2020-03-31,42267847000,2206930000.0,2020-04-27,0.03,0.04,2617565000,14731890000.0,4084341000.0,0.8431232844265567,10647549000.0
2020-06-30,44386260000,6680784000.0,2020-07-30,0.09,0.05,2452554800,16402917000.0,4716957000.0,2.7240100812426293,11685960000.0
2020-09-30,44870454000,9106271000.0,2020-11-03,0.05,0.07,2435912200,18538078000.0,7522077000.0,3.738341225927601,11016001000.0
2020-12-31,1590745403,393170649.0,2021-02-24,0.16,0.06,2421530200,16072307000.0,12030958000.0,0.16236454494765334,4041349000.0
2021-03-31,47097012000,10427915000.0,2021-04-28,0.15,0.1,2476364400,18280670000.0,7971261000.0,4.210977592796924,10309409000.0
2021-06-30,50907741000,11943075000.0,2021-07-28,0.18,0.13,2476518600,23123519000.0,9353874000.0,4.8225258635247075,13769645000.0
2021-09-30,55906677000,17460235000.0,2021-10-27,0.26,0.19,2482220200,22125506000.0,17827495000.0,7.034120099417449,4298011000.0
2021-12-31,59099588000,11415200000.0,2022-01-25,0.24,0.22,2441258600,26822196000.0,14806927000.0,4.675948709407516,12015269000.0
2022-03-31,63422820000,19807535000.0,2022-04-27,0.28,0.22,2506945800,30117796000.0,11223127000.0,7.901062320533615,18894669000.0
2022-06-30,72055140000,21326816000.0,2022-07-27,0.29,0.3,2510674800,35091105000.0,11722447000.0,8.494455753489062,23368658000.0
2022-09-30,75391589000,26996184000.0,2022-10-27,0.35,0.37,2496649600,39695854000.0,23546335000.0,10.812964702776073,16149519000.0
2022-12-31,67835715000,21348270000.0,2023-01-16,0.25,0.26,2501000000,40955774000.0,36391874000.0,8.535893642542982,4563900000.0
2023-03-31,54209447000,16183002000.0,2023-04-26,0.22,0.16,2519447200,26964199000.0,30283831000.0,6.423235223980879,-3319632000.0
2023-06-30,56296408000,15640917000.0,2023-07-26,0.2,0.16,2505236400,13759828000.0,24823258000.0,6.243289854801726,-11063430000.0
2023-09-30,57068867000,15970917000.0,2023-10-25,0.2,0.17,2513354800,19058910000.0,17805005000.0,6.354421986103992,1253905000.0
2023-12-31,54958278000,11894114000.0,2024-01-31,0.17,0.16,2506000000,28473646000.0,21108074000.0,4.7462545889864325,7365572000.0
2024-03-31,54632099000,10456142000.0,2024-04-25,0.13,0.14,2515505000,20819871000.0,29343135000.0,4.156677088695908,-8523264000.0
2024-06-30,56799290000,13786163000.0,2024-08-01,0.17,0.14,2505988400,22727757000.0,20619949000.0,5.501287635649072,2107808000.0
2024-09-30,60485085000,14472042000.0,2024-10-30,0.18,0.18,2511871600,17347240000.0,22227666000.0,5.761457711453086,-4880426000.0
2024-12-31,60386110000,8496583000.0,2025-01-21,0.1,0.15,2496200000,32977174000.0,19152265000.0,3.403806986619662,13824909000.0
2025-03-31,57858957000,7776741000.0,2025-04-23,0.1,0.11,2515841400,23825705000.0,14481661000.0,3.0911093998214674,9344044000.0
2025-06-30,58757657000,8902530000.0,2025-07-30,0.12,0.14,2515841400,22098031000.0,7542972000.0,3.5385895152214286,14555059000.0
2025-09-30,59127040000,14982060000.0,2025-10-29,0.1944,0.12,2515841400,20937564000.0,12170616000.0,5.955089219853048,8766948000.0
