fiscalDateEnding,totalRevenue,netIncome,reportedDate,reportedEPS,estimatedEPS,commonStockSharesOutstanding,operatingCashflow,capitalExpenditures,eps_computed_simple,freeCashFlow
2023-09-30,0,12570000,2023-09-30,0.0914,,84768952,202437000,45286000,0.148285424125569,157151000
2023-12-31,0,-5959000,2023-12-31,0.0981,,84768952,-3973000,281000,-0.07029696438856528,-4254000
2024-03-31,0,-4472000,2024-03-31,0.0934,,59425000,-4233000,1019000,-0.07525452250736223,-5252000
2024-06-30,0,-2597000,2024-06-30,0.0974,,72096976,-4044000,36000,-0.03602092825640842,-4080000
2024-09-30,0,-1869000,2024-09-30,0.0483,,84768952,184936000,54893000,-0.022048166880723027,130043000
2024-12-31,0,16837035,2025-02-26,0.0373,,84768952,232691000,38340000,0.1986226631656364,194351000
2025-03-31,0,51832000,2025-05-14,0.58,-0.04,83079000,-10329000,3050000,0.6238881065010412,-13379000
2025-06-30,0,-142506000,2025-08-11,-0.08,-0.13,92769000,-7909000,3247000,-1.5361381495973871,-11156000
2025-09-30,0,-156680000,2025-11-06,-1.64,-0.07,102589000,-2849000,7101000,-1.5272592578151654,-9950000
