fiscalDateEnding,totalRevenue,netIncome,reportedDate,reportedEPS,estimatedEPS,commonStockSharesOutstanding,operatingCashflow,capitalExpenditures,eps_computed_simple,freeCashFlow
2005-09-30,33010000,15763000,2005-10-31,0.31,0.24,51416000,15186000,510000,0.3065777189979773,14676000
2005-12-31,29641000,29410000,2006-02-21,0.57,0.33,51218000,8108000,1957000,0.5742121910265923,6151000
2006-03-31,33164000,2307000,2006-05-02,0.2,0.24,51218000,16483000,1107000,0.04504275840524816,15376000
2006-06-30,40245000,7673000,2006-08-01,0.34,0.2,50688000,20877000,7853000,0.15137705176767677,13024000
2006-09-30,40397000,8478000,2006-10-31,0.37,0.26,49834000,18540000,4098000,0.17012481438375407,14442000
2006-12-31,45826000,55507000,2007-02-20,0.38,0.35,42606000,-4116000,2576000,1.3027977280195278,-6692000
2007-03-31,40169000,-2781000,2007-05-01,0.22,0.3,42606000,13902000,8041000,-0.06527249683143219,5861000
2007-06-30,51831000,5806000,2007-07-31,0.13,0.18,44040000,19435000,4803000,0.1318346957311535,14632000
2007-09-30,59045000,14848000,2007-11-01,0.33,0.17,44886000,27307000,7303000,0.3307935659225594,20004000
2007-12-31,59898000,1986000,2008-02-19,0.04,0.22,48152000,-11511000,18511000,0.04124439275627181,-30022000
2008-03-31,62047000,11403000,2008-05-01,0.24,0.27,48152000,35029000,13193000,0.23681259345406214,21836000
2008-06-30,68556000,14331000,2008-07-31,0.3,0.29,48656000,31375000,33710000,0.29453715882933246,-2335000
2008-09-30,75032000,12623000,2008-10-30,0.25,0.29,50964000,11338000,43084000,0.24768464013813674,-31746000
2008-12-31,75862000,-81145000,2009-02-17,-1.71,0.26,54304000,-130552000,34428000,-1.4942729817324691,-164980000
2009-03-31,79730000,13197000,2009-05-01,0.25,0.31,54304000,4037000,21271000,0.2430207719505009,-17234000
2009-06-30,83980000,-2344000,2009-07-31,-0.04,0.27,52982000,53376000,28566000,-0.04424144048922275,24810000
2009-09-30,97215000,11937000,2009-10-29,0.21,0.3,57653000,15988000,24056000,0.2070490694326401,-8068000
2009-12-31,108923000,-3330000,2010-02-16,-0.06,0.28,60019000,23983000,21507000,-0.055482430563654844,2476000
2010-03-31,128880000,18929000,2010-04-29,0.32,0.29,60019000,34219000,6362000,0.3153834619037305,27857000
2010-06-30,137491000,37707000,2010-07-28,0.62,0.45,60393000,35233000,2755000,0.6243604391237395,32478000
2010-09-30,170983000,39736000,2010-10-28,0.66,0.54,60216000,102828000,4082000,0.6598910588547894,98746000
2010-12-31,166477000,9544000,2011-02-15,0.15,0.62,62623000,39252000,5441000,0.15240406879261614,33811000
2011-03-31,165619000,16390000,2011-04-28,0.26,0.64,62623000,53351000,6336000,0.26172492534691727,47015000
2011-06-30,183751000,73891000,2011-07-28,1.18,0.53,62756000,64537000,12547000,1.1774332334756836,51990000
2011-09-30,201742000,84398000,2011-10-27,1.32,0.73,61210000,80678000,17842000,1.378826989054076,62836000
2011-12-31,195178000,43189000,2012-02-14,0.77,0.87,55009000,51629000,748000,0.7851260702794088,50881000
2012-03-31,204214000,70760000,2012-04-26,1.29,0.93,55009000,37585000,40282000,1.2863349633696304,-2697000
2012-06-30,225577000,72316000,2012-07-26,1.34,1.12,53942000,87386000,43638000,1.3406251158651885,43748000
2012-09-30,242468000,78111000,2012-11-01,1.04,1.26,53590000,93448000,6730000,1.4575667102071281,86718000
2012-12-31,243817000,83255000,2013-02-26,1.6,1.25,52376000,105209000,21255000,1.5895639224072093,83954000
2013-03-31,245136000,62325000,2013-04-25,1.19,1.47,52376000,97698000,4243000,1.1899534137773027,93455000
2013-06-30,280606000,79864000,2013-07-25,1.52,1.47,52648000,83848000,4837000,1.5169427138732716,79011000
2013-09-30,302225000,62685000,2013-10-29,1.17,1.59,53688000,139300000,9417000,1.1675793473401876,129883000
2013-12-31,289017000,-30314000,2014-02-25,-0.6,1.51,50281000,104421000,13413000,-0.6028917483741374,91008000
2014-03-31,289403000,137524000,2014-04-29,2.43,1.65,56657000,110597000,18676000,2.427308187867342,91921000
2014-06-30,322802000,111852000,2014-07-29,2.1,1.75,53252000,-54480000,12836000,2.1004281529332234,-67316000
2014-09-30,329950000,-25237000,2014-10-28,-0.53,1.97,47297000,208537000,13645000,-0.5335856396811637,194892000
2014-12-31,346363000,115935000,2015-02-24,2.37,2.03,53548000,90605000,2282000,2.1650668559049824,88323000
2015-03-31,327504000,-16641000,2015-04-28,-0.36,2.14,46707000,109100000,3980000,-0.3562849251718158,105120000
2015-06-30,347161000,99211000,2015-07-28,1.91,2.31,51900000,41000000,3834000,1.9115799614643545,37166000
2015-09-30,386221000,464425000,2015-10-27,4.91,2.54,50200000,207200000,10442000,9.251494023904382,196758000
2015-12-31,404875000,104644000,2016-02-25,2.1,2.55,49746000,25515000,31536000,2.1035661158686128,-6021000
2016-03-31,369000000,235500000,2016-04-28,4.84,3.21,48700000,125800000,9000000,4.835728952772074,116800000
2016-06-30,412600000,206100000,2016-07-28,4.39,3.22,46900000,125700000,10400000,4.394456289978678,115300000
2016-09-30,408200000,161800000,2016-10-27,3.5,3.34,46200000,228700000,9100000,3.502164502164502,219600000
2016-12-31,409000000,110300000,2017-02-22,2.49,3.61,45400000,163400000,14700000,2.4295154185022025,148700000
2017-03-31,370500000,178600000,2017-04-26,3.89,3.31,45900000,230800000,15600000,3.8910675381263617,215200000
2017-06-30,444600000,-56000000,2017-07-27,4.4,3.61,44900000,70700000,20900000,-1.247216035634744,49800000
2017-09-30,445500000,276300000,2017-10-25,6.27,3.87,44100000,258500000,22000000,6.26530612244898,236500000
2017-12-31,464700000,19000000,2018-02-21,3.89,3.89,43800000,-85800000,27800000,0.4337899543378995,-113600000
2018-03-31,389200000,244500000,2018-05-02,5.57,3.52,43900000,275700000,37600000,5.569476082004556,238100000
2018-06-30,444500000,172900000,2018-08-01,3.98,3.17,43400000,179800000,53500000,3.9838709677419355,126300000
2018-09-30,412700000,106500000,2018-10-31,2.42,3.25,44000000,237500000,41500000,2.4204545454545454,196000000
2018-12-31,381400000,65300000,2019-02-27,1.48,2.55,44000000,118400000,51800000,1.4840909090909091,66600000
2019-03-31,362600000,-494600000,2019-05-01,2.81,2.78,43700000,-627400000,25100000,-11.31807780320366,-652500000
2019-06-30,373600000,205100000,2019-07-31,4.11,2.49,44000000,132900000,20300000,4.661363636363636,112600000
2019-09-30,401500000,132400000,2019-10-30,3.16,2.44,44000000,185400000,13600000,3.0090909090909093,171800000
2019-12-31,311100000,52600000,2020-02-26,1.2,2.68,44000000,102500000,24700000,1.1954545454545455,77800000
2020-03-31,356300000,137700000,2020-04-29,3.12,2.75,44100000,214600000,13000000,3.122448979591837,201600000
2020-06-30,362000000,107100000,2020-07-29,2.41,2.87,44400000,164000000,18200000,2.4121621621621623,145800000
2020-09-30,380100000,171200000,2020-10-28,3.86,2.83,44600000,250900000,15800000,3.8385650224215246,235100000
2020-12-31,384900000,98800000,2021-02-24,2.19,3.14,45100000,126200000,12300000,2.190687361419069,113900000
2021-03-31,379100000,28300000,2021-05-05,0.61,2.94,46400000,89800000,10600000,0.6099137931034483,79200000
2021-06-30,446500000,172600000,2021-08-04,3.65,3.02,47300000,148200000,16300000,3.649048625792812,131900000
2021-09-30,444700000,162700000,2021-11-03,3.42,3.59,47600000,185600000,23300000,3.418067226890756,162300000
2021-12-31,415200000,112200000,2022-02-24,2.35,3.72,47800000,174600000,70600000,2.3472803347280333,104000000
2022-03-31,461900000,239900000,2022-05-04,5.03,3.35,47700000,288700000,13500000,5.029350104821803,275200000
2022-06-30,466900000,116000000,2022-08-03,2.41,4.13,48100000,127000000,17000000,2.4116424116424118,110000000
2022-09-30,516000000,239300000,2022-11-02,4.91,3.89,48700000,258600000,68800000,4.9137577002053385,189800000
2022-12-31,491500000,132100000,2023-02-22,2.67,4.51,49400000,128200000,39500000,2.674089068825911,88700000
2023-03-31,506900000,240900000,2023-05-03,4.86,4.52,49600000,374800000,41300000,4.856854838709677,333500000
2023-06-30,596500000,259200000,2023-08-02,5.24,4.51,49500000,106300000,44700000,5.236363636363636,61600000
2023-09-30,609400000,267600000,2023-11-01,5.38,5.04,49700000,346200000,65700000,5.3843058350100605,280500000
2023-12-31,614700000,217100000,2024-02-21,4.36,4.19,49800000,150700000,78700000,4.359437751004016,72000000
2024-03-31,677700000,306600000,2024-05-01,6.17,5.65,49700000,376500000,38200000,6.169014084507042,338300000
2024-06-30,714900000,278100000,2024-07-31,5.85,6.4,47500000,232200000,45100000,5.854736842105263,187100000
2024-09-30,748900000,309100000,2024-10-30,6.39,6.43,48400000,377200000,76500000,6.386363636363637,300700000
2024-12-31,735900000,301300000,2025-02-19,6.19,6.2668,48700000,341200000,86700000,6.186858316221766,254500000
2025-03-31,794400000,322200000,2025-04-29,6.6296,6.66,48600000,461200000,74900000,6.62962962962963,386300000
2025-06-30,798600000,309500000,2025-07-29,6.41,7.35,48300000,191700000,62200000,6.407867494824017,129500000
2025-09-30,799500000,338700000,2025-10-29,7.16,7.32,47300000,562100000,210500000,7.160676532769556,351600000
