fiscalDateEnding,totalRevenue,netIncome,reportedDate,reportedEPS,estimatedEPS,commonStockSharesOutstanding,operatingCashflow,capitalExpenditures,eps_computed_simple,freeCashFlow
2005-09-30,180000.0,-3488000,2005-11-09,-4.8,-5.87,640518,-3168000,415000,-5.445592473591686,-3583000
2005-12-31,117000.0,-4142000,2006-02-08,-6.4,-6.4,641756,-3286000,104000,-6.454166380992152,-3390000
2006-03-31,238000.0,-4549000,2006-05-10,-6.4,-6.93,643956,-3857000,62000,-7.064147239873532,-3919000
2006-06-30,328000.0,-4296000,2006-09-13,-6.4,-5.87,744856,-3207000,208000,-5.767557756130044,-3415000
2006-09-30,104000.0,-4057000,2006-11-09,-4.8,-6.4,744856,-4077000,110000,-5.446690366997111,-4187000
2006-12-31,158000.0,-4225000,2007-02-07,-6.4,-6.4,746975,-3037000,156000,-5.6561464573780915,-3193000
2007-03-31,258000.0,-4483000,2007-05-08,-6.4,-6.4,747750,-3792000,212000,-5.995319291206954,-4004000
2007-06-30,165000.0,-4829000,2007-09-10,-6.4,-6.4,753793,-3920000,586000,-6.406268033797077,-4506000
2007-09-30,87000.0,-5050000,2007-11-09,-6.4,-6.4,753793,-5126000,121000,-6.6994519715624845,-5247000
2007-12-31,84000.0,-5172000,2008-02-08,-6.4,-6.4,815418,-5706000,42000,-6.342759173822506,-5748000
2008-03-31,202000.0,-5048000,2008-05-12,-6.4,-6.93,829493,-4483000,38000,-6.085645086818093,-4521000
2008-06-30,149000.0,-4863000,2008-08-29,-6.4,-6.4,829975,-4212000,14000,-5.859212626886352,-4226000
2008-09-30,27000.0,-3913000,2008-11-07,-4.7146,,829975,-3748000,4000,-4.714599837344498,-3752000
2008-12-31,28000.0,-4103000,2009-02-06,-4.8782,,841093,-3341000,24000,-4.878176372886233,-3365000
2009-03-31,58000.0,-3972000,2009-05-08,-4.3346,,841050,-3497000,6000,-4.72266809345461,-3503000
2009-06-30,69000.0,-3958000,2009-09-15,-3.2,,1033956,-3219000,1000,-3.8280158923590557,-3220000
2009-09-30,73000.0,-3801000,2009-11-06,-3.6762,,1033950,-3840000,54000,-3.676193239518352,-3894000
2009-12-31,16000.0,-4575000,2010-02-10,-4.214,,1085668,-3366000,2000,-4.2139954387529155,-3368000
2010-03-31,16000.0,-4238000,2010-05-10,-0.3963,,1336850,-4224000,47000,-3.1701387590230765,-4271000
2010-06-30,-21000.0,-5115000,2010-08-17,-3.6,-2.9,1412750,-3655000,17000,-3.620598124225801,-3672000
2010-09-30,,-5833000,2010-11-08,-4.2,-3.55,1412750,-4530000,68000,-4.128826756326314,-4598000
2010-12-31,250000.0,-13160000,2011-02-28,-8.8,-3.35,1505850,-4720000,52000,-8.739250257329747,-4772000
2011-03-31,9000.0,-4988000,2011-05-16,-2.6,-3.6,1930850,-6419000,148000,-2.5833182277235416,-6567000
2011-06-30,0.0,-9957000,2011-08-15,-5.2,-3.45,1931100,-5789000,264000,-5.156128631350008,-6053000
2011-09-30,9000.0,-1934000,2011-11-08,-1.0,-4.03,1931600,-6140000,391000,-1.001242493269828,-6531000
2011-12-31,504000.0,-2789000,2012-03-12,-1.4,-4.6,1937100,-6144000,228000,-1.4397811161013887,-6372000
2012-03-31,2000.0,-9455000,2012-05-10,-5.0,-4.0,1937100,-6603000,82000,-4.881007691910588,-6685000
2012-06-30,0.0,-7335000,2012-08-07,-4.4,-4.83,1944100,-7950000,4000,-3.7729540661488605,-7954000
2012-09-30,9000.0,-6034000,2012-11-08,-3.4,-4.67,2166800,-7654000,83000,-2.7847517075872252,-7737000
2012-12-31,19000.0,-6650000,2013-03-18,-3.6,-4.54,2243200,-7338000,104000,-2.964514978601997,-7442000
2013-03-31,8000.0,-5544000,2013-05-08,-3.0,-3.8,2243000,-6761000,18000,-2.4716897012929113,-6779000
2013-06-30,3000.0,-4889000,2013-08-07,-2.2,-2.8,2283000,-4700000,22000,-2.1414805081033728,-4722000
2013-09-30,3000.0,-2273000,2013-11-12,-0.06,-2.02,3042000,-4139000,40000,-0.7472057856673241,-4179000
2013-12-31,8000.0,-2916000,2014-03-13,-0.97,-1.33,3029000,-4343000,233000,-0.9626939584021129,-4576000
2014-03-31,8000.0,-5995000,2014-05-15,-1.26,-0.92,5868000,-4674000,0,-1.0216428084526243,-4674000
2014-06-30,4432000.0,-4638000,2014-08-14,-1.0,-1.02,6518000,-6069000,14000,-0.7115679656336299,-6083000
2014-09-30,9658000.0,-6917000,2014-11-13,-0.52,-0.66,10273000,-8423000,68000,-0.6733184074759078,-8491000
2014-12-31,14706000.0,-2370000,2015-03-23,-0.17,-0.46,10957500,-6244000,747000,-0.216290212183436,-6991000
2015-03-31,10849000.0,-4862000,2015-05-14,-0.27,-0.21,23786000,-4113000,353000,-0.20440595308164466,-4466000
2015-06-30,13590000.0,-2152000,2015-08-12,-0.16,-0.2,23786000,-4478000,1202000,-0.09047338770705457,-5680000
2015-09-30,11309000.0,-4416000,2015-11-13,-0.26,-0.24,23788000,-718000,775000,-0.18563981839582983,-1493000
2015-12-31,15420000.0,-4910000,2016-03-14,-0.02,-0.14,23681000,-4037000,97000,-0.20733921709387274,-4134000
2016-03-31,14108000.0,-3650000,2016-05-10,-0.08,-0.24,22604000,-1269000,13000,-0.16147584498318882,-1282000
2016-06-30,12823000.0,-3044000,2016-08-08,-0.22,-0.15,22684000,-5133000,1061000,-0.1341915006171751,-6194000
2016-09-30,10929000.0,-6675000,2016-11-07,-0.38,-0.28,22744000,-4182000,240000,-0.29348399577910655,-4422000
2016-12-31,16523000.0,-6197000,2017-03-10,-0.23,-0.18,24329000,-9308000,101000,-0.2547165933659419,-9409000
2017-03-31,9361000.0,-9778000,2017-05-10,-0.31,-0.14,31896000,-3122000,70000,-0.3065588161524956,-3192000
2017-06-30,16953000.0,-2388000,2017-08-09,-0.07,-0.19,32765000,-5654000,203000,-0.07288264916831985,-5857000
2017-09-30,14260000.0,-5407000,2017-11-07,-0.16,-0.16,33667000,-5241000,519000,-0.16060237027356164,-5760000
2017-12-31,23350000.0,287000,2018-03-05,0.03,-0.07,36150000,834000,718000,0.007939142461964038,116000
2018-03-31,18027000.0,-7659000,2018-05-08,-0.21,-0.13,36140000,405000,184000,-0.21192584394023242,221000
2018-06-30,19011000.0,-4651000,2018-08-06,-0.12,-0.12,38349000,-5441000,795000,-0.1212808678192391,-6236000
2018-09-30,22484000.0,-1069000,2018-11-06,-0.02,-0.11,42925000,2013000,1122000,-0.024903902154921373,891000
2018-12-31,31335000.0,5242000,2019-02-26,0.13,0.04,46153000,2611000,577000,0.11357874894373063,2034000
2019-03-31,21810000.0,-2844000,2019-05-07,-0.07,-0.07,43725000,154000,232000,-0.06504288164665523,-78000
2019-06-30,26151000.0,-19792000,2019-08-06,-0.05,-0.46,43956000,-18379000,992000,-0.45026845026845025,-19371000
2019-09-30,30499000.0,3470000,2019-11-05,0.07,-0.02,46667000,7892000,1031000,0.07435661173848758,6861000
2019-12-31,39390000.0,9501000,2020-02-25,0.2,0.2,46803000,3150000,361000,0.20299980770463433,2789000
2020-03-31,26678000.0,-4705000,2020-05-05,-0.1,-0.08,44924000,4686000,717000,-0.10473243700471908,3969000
2020-06-30,20014000.0,-8269000,2020-08-05,-0.18,-0.21,45137000,-3021000,469000,-0.1831978199703126,-3490000
2020-09-30,32258000.0,3618000,2020-11-05,0.08,-0.02,47314000,4570000,370000,0.07646785306674557,4200000
2020-12-31,45229000.0,12220000,2021-02-24,0.25,0.2,48101000,11337000,1070000,0.25404877237479473,10267000
2021-03-31,34568000.0,-3289000,2021-05-05,-0.07,-0.04,45984000,10086000,2343000,-0.07152487821851079,7743000
2021-06-30,39519000.0,-3786000,2021-08-04,-0.08,-0.08,46403000,4769000,2118000,-0.08158955239962934,2651000
2021-09-30,34506000.0,-4931000,2021-11-09,-0.11,-0.03,46669000,3634000,2463000,-0.10565900276414751,1171000
2021-12-31,47591000.0,4534000,2022-02-24,0.09,0.14,49939000,10551000,991000,0.09079076473297423,9560000
2022-03-31,36074000.0,-7091000,2022-05-04,-0.15,-0.12,46985000,3468000,3081000,-0.1509205065446419,387000
2022-06-30,37046000.0,-8963000,2022-08-03,-0.19,-0.12,47117000,3143000,1981000,-0.1902285799180763,1162000
2022-09-30,38551000.0,-6577000,2022-11-09,-0.14,-0.1,47182000,4101000,1409000,-0.13939637997541435,2692000
2022-12-31,52694000.0,5922000,2023-02-23,0.12,0.04,49204000,6975000,1125000,0.12035606861230794,5850000
2023-03-31,41017000.0,-7495000,2023-05-10,-0.16,-0.15,47387000,7860000,8913000,-0.15816574165910482,-1053000
2023-06-30,45922000.0,-5020000,2023-08-02,-0.11,-0.15,47572000,10196000,4196000,-0.10552425796687127,6000000
2023-09-30,45581000.0,-3660000,2023-11-08,-0.08,-0.12,47649000,7169000,6569000,-0.07681168544985205,600000
2023-12-31,64996000.0,12993000,2024-02-29,0.26,0.17,50512000,10086000,7835000,0.25722600570161547,2251000
2024-03-31,51281000.0,-3862000,2024-05-08,-0.08,-0.11,48141000,7202000,14017000,-0.08022267921314472,-6815000
2024-06-30,52662000.0,-4682000,2024-08-01,-0.1,-0.08,48686000,18535000,16761000,-0.09616727601363842,1774000
2024-09-30,57905000.0,-901000,2024-11-07,-0.02,-0.05,49085000,10184000,30778000,-0.01835591321177549,-20594000
2024-12-31,75376000.0,19807000,2025-02-26,0.38,0.34,52210000,22242000,13787000,0.3793717678605631,8455000
2025-03-31,52598000.0,-11246000,2025-05-06,-0.23,-0.1533,49905000,6600000,14212000,-0.22534816150686304,-7612000
2025-06-30,63240000.0,-553000,2025-07-31,-0.01,-0.03,50368000,8214000,14212000,-0.010979193138500635,-5998000
2025-09-30,67503000.0,5074000,2025-11-06,0.1,-0.01,51908000,22082000,2630000,0.09774986514602758,19452000
