fiscalDateEnding,totalRevenue,netIncome,reportedDate,reportedEPS,estimatedEPS,commonStockSharesOutstanding,operatingCashflow,capitalExpenditures,eps_computed_simple,freeCashFlow
2021-03-31,,-21752250.0,2021-04-09,-1.24,-0.5725,26957258,-18034750,14250,-0.8069162672256949,-18049000
2021-06-30,,-21752250.0,2021-09-01,-0.49,-0.49,26957258,-18034750,14250,-0.8069162672256949,-18049000
2021-09-30,,-21752250.0,2021-10-29,-0.52,-0.51,26957258,-18034750,14250,-0.8069162672256949,-18049000
2022-03-31,,-21752250.0,2022-04-07,-1.76,-0.61,26957258,-18034750,14250,-0.8069162672256949,-18049000
2022-06-30,,,2022-08-31,-0.06,0.22,46037642,-4882000,8500,,-4890500
2022-12-31,,-21752250.0,2023-03-01,-0.651,-0.651,26957258,-18034750,14250,-0.8069162672256949,-18049000
2023-03-31,676000.0,-28478250.0,2023-04-19,2.12,-0.7,44126733,54104250,42750,-0.645374086497634,54061500
