fiscalDateEnding,totalRevenue,netIncome,reportedDate,reportedEPS,estimatedEPS,commonStockSharesOutstanding,operatingCashflow,capitalExpenditures,eps_computed_simple,freeCashFlow
2024-03-31,718155000,-494224000,2024-05-29,0.17,-0.47,221936000,347596000,95413000,-2.226876216566938,252183000
2024-06-30,1587261000,155652000,2024-08-22,0.37,0.6644,367188000,419788000,156415000,0.4239027419196706,263373000
2024-09-30,1678737000,375094000,2024-11-19,0.89,0.82,435521000,828670000,114143000,0.8612535331246943,714527000
2024-12-31,1349729000,103680000,2025-03-11,0.45,0.33,439760000,370520000,550403000,0.23576496270693106,-179883000
2025-03-31,897056000,-105473000,2025-05-20,-0.24,-0.28,442910000,587885000,146294000,-0.23813641597615767,441591000
2025-06-30,1880367000,439048000,2025-08-19,0.99,0.79,445549000,470681000,668088000,0.9854090122522999,-197407000
2025-09-30,1999638000,514089000,2025-11-19,1.2,0.96,443417615,663937000,54547000,1.1593788397423048,609390000
