fiscalDateEnding,totalRevenue,netIncome,reportedDate,reportedEPS,estimatedEPS,commonStockSharesOutstanding,operatingCashflow,capitalExpenditures,eps_computed_simple,freeCashFlow
2005-09-30,3731479042,711586012,2005-11-09,0.63,0.53,493592278,,,1.4416473752046826,
2005-12-31,3727623547,669800075,2006-03-08,0.6,0.62,492030000,,,1.361299260207711,
2006-03-31,3647818152,591871333,2006-04-27,0.53,0.49,492030000,,,1.2029171656199826,
2006-06-30,3628238357,698129423,2006-07-21,0.65,0.65,492030000,,,1.418875725057415,
2006-09-30,3676677862,817221018,2006-11-10,0.74,0.59,506220000,,,1.614359405001778,
2006-12-31,3657510949,702472286,2007-02-23,0.66,0.69,505841000,,,1.388721527120182,
2007-03-31,3700338222,591798870,2007-05-11,0.55,0.61,505841000,,,1.1699306106068903,
2007-06-30,3667350544,602986433,2007-07-20,0.6,0.67,505841000,,,1.1920473686395527,
2007-09-30,3605578725,524032660,2007-11-07,0.55,0.61,505841000,,,1.0359631979218766,
2007-12-31,3770176889,646698706,2008-02-19,0.7,0.81,506237272,,,1.277461660310148,
2008-03-31,3862377000,489434279,2008-04-25,0.55,0.79,505841000,,,0.9675654583159531,
2008-06-30,3880625370,633947195,2008-07-24,0.77,0.67,505841000,,,1.253253878194927,
2008-09-30,4147174304,605532824,2008-10-29,0.67,0.67,505841000,1356506000.0,513533000.0,1.1970813437424013,842973000.0
2008-12-31,4005431040,675263982,2009-02-18,0.91,0.67,505841000,1968925858.0,558402612.47,1.334933273498985,1410523245.53
2009-03-31,3961725000,482640000,2009-05-12,0.41,0.46,505841000,858456000.0,652669000.0,0.9541338088450718,205787000.0
2009-06-30,3935109000,545251000,2009-07-29,0.52,0.55,505841000,989745000.0,576383000.0,1.0779098570499426,413362000.0
2009-09-30,3910093000,600264000,2009-11-12,0.64,0.66,505841000,1084390000.0,514879000.0,1.1866653750882195,569511000.0
2009-12-31,3991061000,544818000,2010-02-11,0.62,0.65,505841000,1480812000.0,580210000.0,1.0770538568443444,900602000.0
2010-03-31,3893700000,402973000,2010-05-12,0.44,0.68,518494431,1016377000.0,556569000.0,0.7771983186450078,459808000.0
2010-06-30,3897419000,777338000,2010-07-28,0.79,0.54,505841000,1121016000.0,461718000.0,1.5367239903447922,659298000.0
2010-09-30,3973684000,647435000,2010-11-10,0.73,0.75,505841000,1033590000.0,498489000.0,1.2799179979479718,535101000.0
2010-12-31,3991313000,571090000,2011-02-16,0.73,0.66,505841000,1361275000.0,609689000.0,1.1289911256699239,751586000.0
2011-03-31,3974695000,418337000,2011-04-26,0.4947,,505841000,823535000.0,722536000.0,0.8270128360492724,100999000.0
2011-06-30,8231298000,1143964000,2011-07-27,0.9902,,1152110124,2270832000.0,1136611000.0,0.992929387711899,1134221000.0
2011-09-30,8293100000,1332300000,2011-11-10,0.72,0.6,1152110124,2387298000.0,1079593000.0,1.1563998720663964,1307705000.0
2011-12-31,8669679000,1461918000,2012-02-16,0.72,0.61,1123857000,2659710000.0,1714968000.0,1.3008042838190268,944742000.0
2012-03-31,8311285000,957450000,2012-05-10,0.45,0.51,1123857000,2133542000.0,1574318000.0,0.8519322298121558,559224000.0
2012-06-30,8240400000,1085600000,2012-07-25,0.49,0.55,1151106591,1852700000.0,0.0,0.9430925063654683,1852700000.0
2012-09-30,8460600000,935800000,2012-11-06,0.41,0.49,1151106591,2743200000.0,0.0,0.8129568602218177,2743200000.0
2012-12-31,8907400000,1474300000,2013-02-25,0.64,0.68,1151106591,3072200000.0,1011045000.0,1.2807675775005618,2061155000.0
2013-03-31,8555484000,810175000,2013-05-07,0.36,0.46,1123269000,2231597000.0,1127556000.0,0.7212653424958759,1104041000.0
2013-06-30,8491505000,914255000,2013-07-24,0.39,0.44,1123269000,2107200000.0,1889011000.0,0.8139234680205721,218189000.0
2013-09-30,8618206000,760199000,2013-11-07,0.3,0.38,1123269000,2652800000.0,1641394000.0,0.6767737736908969,1011406000.0
2013-12-31,9056700000,1231300000,2014-02-26,0.46,0.41,1151106591,2554900000.0,1179211000.0,1.0696663624611285,1375689000.0
2014-03-31,8611930000,660770000,2014-05-08,0.25,0.32,1123269000,1271064000.0,1424540000.0,0.5882562413811829,-153476000.0
2014-06-30,8616594000,1992653000,2014-07-30,0.79,0.31,1123269000,2509500000.0,1229614000.0,1.7739766698805006,1279886000.0
2014-09-30,8723915000,1022325000,2014-11-11,0.4,0.35,1123269000,3197300000.0,1584653000.0,0.9101337257593685,1612647000.0
2014-12-31,9047600000,1260900000,2015-02-24,0.44,0.35,1151106591,2958400000.0,3296204000.0,1.0953807491490595,-337804000.0
2015-03-31,8983078000,579700000,2015-05-13,0.18,0.28,1123269000,1003000000.0,1737896000.0,0.5160829685498309,-734896000.0
2015-06-30,9962125000,869816000,2015-07-29,0.18,0.2,1455482000,2452900000.0,1708382000.0,0.5976137114715263,744518000.0
2015-09-30,10580780000,886165000,2015-11-05,0.14,0.2,1688694000,2524216000.0,1814172000.0,0.5247635154740883,710044000.0
2015-12-31,10760800000,1114500000,2016-02-25,0.16,0.15,1688694025,4049300000.0,1704455000.0,0.6599774639458442,2344845000.0
2016-03-31,10431396000,1218230000,2016-04-28,0.19,0.18,1688694000,2055866000.0,1874246000.0,0.721403640920143,181620000.0
2016-06-30,10510049000,699496000,2016-07-28,0.12,0.19,1688694000,2984682000.0,1775713000.0,0.414223062319165,1208969000.0
2016-09-30,10693365000,952690000,2016-10-26,0.16,0.22,1688694000,3082297000.0,1876532000.0,0.5641578640061491,1205765000.0
2016-12-31,10431400000,1214800000,2017-02-21,0.2,0.29,1688694420,3317980000.0,1944378000.0,0.7193723065656841,1373602000.0
2017-03-31,10590150000,996197000,2017-05-10,0.19,0.23,1688694000,1672291000.0,1795643000.0,0.5899215606853581,-123352000.0
2017-06-30,10697193000,872922000,2017-07-26,0.16,0.23,1688694000,3466367000.0,1707985000.0,0.5169213605306823,1758382000.0
2017-09-30,10885949000,1222716000,2017-10-25,0.23,0.24,1688694000,3884061000.0,2048987000.0,0.724060131675721,1835074000.0
2017-12-31,11033500000,1516900000,2018-02-21,0.28,0.31,1688693776,3618341000.0,2815045000.0,0.8982682482510672,803296000.0
2018-03-31,10788961000,1098019000,2018-04-25,0.21,0.25,1688694000,2945994000.0,2099174000.0,0.6502178606662901,846820000.0
2018-06-30,10823398000,3166297000,2018-07-25,0.28,0.23,1688693776,1964958000.0,1627752000.0,1.8749977319748232,337206000.0
2018-09-30,10764902000,3177264000,2018-10-30,0.27,0.27,1688693776,2439639000.0,2167098000.0,1.881492100673201,272541000.0
2018-12-31,11085479000,1486700000,2019-02-20,0.22,0.18,1688693776,4590836000.0,2623434000.0,0.8803846032532544,1967402000.0
2019-03-31,10974736000,1342142000,2019-05-09,0.22,0.22,1688694000,3516599000.0,2107611000.0,0.7947810556560276,1408988000.0
2019-06-30,10869832000,1419505000,2019-07-24,0.21,0.22,1688693776,4506308000.0,2155490000.0,0.8405934931331209,2350818000.0
2019-09-30,11046748000,965113000,2019-11-04,0.14,0.21,1688693776,4788135000.0,2318955000.0,0.5715145124097384,2469180000.0
2019-12-31,11376855000,1274000000,2020-02-19,0.18,0.23,1688693776,4910154000.0,2256585000.0,0.7544292624905132,2653569000.0
2020-03-31,10825000000,1153456000,2020-05-13,0.16,0.22,1688693776,4557978000.0,2127746000.0,0.6830462789601707,2430232000.0
2020-06-30,10317447000,1112794000,2020-08-03,0.12,0.14,1688693776,5223625000.0,2136542000.0,0.6589673129700693,3087083000.0
2020-09-30,10791538000,1211487000,2020-10-28,0.14,0.16,1688693776,5283007000.0,1520813000.0,0.7174107095187162,3762194000.0
2020-12-31,11192820000,1293000000,2021-02-23,0.12,0.14,1688174171,4277140000.0,2504163000.0,0.7659162319928658,1772977000.0
2021-03-31,10848939000,942000000,2021-05-11,0.1,0.16,1686463071,4577815000.0,1968779000.0,0.5585654475324114,2609036000.0
2021-06-30,10649481000,1345000000,2021-07-27,0.15,0.14,1684135971,4078653000.0,2163572000.0,0.7986291030892065,1915081000.0
2021-09-30,11033251000,1317769000,2021-10-28,0.15,0.15,1682008000,5330744000.0,2423484000.0,0.7834499003571921,2907260000.0
2021-12-31,11500942000,2628000000,2022-02-22,0.28,0.17,1676938271,4085388000.0,2739649000.0,1.5671417639200627,1345739000.0
2022-03-31,11351620000,756214000,2022-05-10,0.09,0.14,1674579571,4459610000.0,1815310000.0,0.4515843935373078,2644300000.0
2022-06-30,11831309000,762672000,2022-07-26,0.09,0.13,1670652071,4692491000.0,2195751000.0,0.45651157008621696,2496740000.0
2022-09-30,12198995000,1439793000,2022-10-25,0.16,0.14,1669586000,5114217000.0,2963823000.0,0.8623652809738462,2150394000.0
2022-12-31,12659238000,1126334000,2023-02-15,0.13,0.14,1665945673,4675607000.0,2919232000.0,0.6760928752086623,1756375000.0
2023-03-31,12720910000,834669000,2023-05-09,0.1,0.09,1662161000,4770384000.0,1321951000.0,0.5021589364688499,3448433000.0
2023-06-30,12732709000,1123000000,2023-07-25,0.14,0.1,1660424000,5441565000.0,2486072000.0,0.6763332739107601,2955493000.0
2023-09-30,13111000000,1471543000,2023-10-31,0.18,0.14,1657215000,4739329000.0,2339679000.0,0.8879614292653639,2399650000.0
2023-12-31,13534726000,1600646000,2024-02-20,0.2,0.16,1655803000,3834648000.0,2663644000.0,0.9666886700893765,1171004000.0
2024-03-31,13546000000,895631000,2024-05-07,0.11,0.11,1652584000,4925206000.0,2004826000.0,0.5419579277059442,2920380000.0
2024-06-30,13678936000,1222000000,2024-07-29,0.14,0.13,1650731000,5721058000.0,2216819000.0,0.7402780949773161,3504239000.0
2024-09-30,14039057000,1667444000,2024-11-05,0.18,0.16,1634314000,4660435000.0,2398702000.0,1.0202715022939288,2261733000.0
2024-12-31,14581420000,1763043000,2025-02-18,1.08,0.96,1632407000,4569869000.0,2703776000.0,1.080026611010612,1866093000.0
2025-03-31,14390273000,1058000000,2025-05-05,0.65,0.6,1627692000,5090843000.0,2421314000.0,0.6500001228733692,2669529000.0
2025-06-30,14645092000,1344000000,2025-07-29,0.42,0.1515,1600000000,5872528000.0,2243335000.0,0.84,3629193000.0
2025-09-30,14949056000,1888359000,2025-11-04,0.59,0.1833,1600000000,4609092000.0,2355981000.0,1.180224375,2253111000.0
