fiscalDateEnding,totalRevenue,netIncome,reportedDate,reportedEPS,estimatedEPS,commonStockSharesOutstanding,operatingCashflow,capitalExpenditures,eps_computed_simple,freeCashFlow
2013-09-30,284338321,19404065.0,2013-10-29,0.2279,,86325628,-14667640.44,54432000.0,0.22477757126771206,-69099640.44
2013-12-31,244409628,-7445896.35,2014-02-26,-0.04,0.05,101187667,-30179921.12,233823000.0,-0.07358501851811644,-264002921.12
2014-03-31,212681000,-28357466.56,2014-04-02,-0.28,-0.1,101187667,-6591194.93,233823000.0,-0.2802462730957123,-240414194.93
2014-06-30,255043823,-5782432.51,2014-07-28,-0.06,-0.06,101187700,-616792.8,55262000.0,-0.057145606728881075,-55878792.8
2014-09-30,297598650,25848994.0,2014-10-22,0.26,0.2,101187667,-3128696.7,80713000.0,0.2554559737008266,-83841696.7
2014-12-31,268663929,48379400.0,2015-02-25,0.47,0.12,101187667,31902993.0,106721000.0,0.478115579045814,-74818007.0
2015-03-31,246895783,20075615.0,2015-04-22,0.2,0.06,101187700,62182616.0,13606133.08,0.19839975609683785,48576482.92
2015-06-30,260893530,22371476.0,2015-07-27,0.22,0.17,101187700,60274743.0,40790000.0,0.22108888728570766,19484743.0
2015-09-30,308567523,68111536.0,2015-10-19,0.67,0.37,101187700,14367102.0,52330000.0,0.6731207053821759,-37962898.0
2015-12-31,294878272,35655393.0,2016-02-22,0.38,0.27,101187700,51219871.0,81644000.0,0.3523688452252596,-30424129.0
2016-03-31,300172450,34860866.0,2016-04-25,0.34,0.29,101187700,76975029.0,12014660.33,0.34451683356771623,64960368.67
2016-06-30,280013698,51010836.0,2016-07-22,0.51,0.2,101187700,6161529.0,15339613.95,0.5041209158820686,-9178084.95
2016-09-30,347535821,52128589.0,2016-10-26,0.51,0.42,101187700,-5635684.43,12407498.82,0.5151672485885143,-18043183.25
2016-12-31,312211705,38417557.0,2017-02-17,0.5,0.42,101187700,-30261125.58,69295345.2,0.3796662736676493,-99556470.78
2017-03-31,302583514,-72803918.77,2017-04-20,-0.71,-0.5,101187667,25079942.0,23727462.46,-0.7194939949549385,1352479.539999999
2017-06-30,330223927,-28700729.72,2017-07-21,-0.29,-0.09,101187700,-11042459.47,28460585.81,-0.28363852246863996,-39503045.28
2017-09-30,363075401,39696333.0,2017-10-25,0.4,0.36,101187700,-21240440.8,25512695.51,0.39230393615034237,-46753136.31
2017-12-31,337360234,33163235.0,2018-02-21,0.29,0.2,101187700,57399953.0,57363411.01,0.32773978457856046,36541.990000002086
2018-03-31,322488207,-61610016.31,2018-04-20,-0.6,-0.28,101187700,60232332.0,17272351.54,-0.6088686303770122,42959980.46
2018-06-30,312633516,1913865.0,2018-07-20,0.02,-0.09,101187700,-30157554.35,42223158.85,0.018914008323145996,-72380713.2
2018-09-30,390546636,-6342741.2,2018-10-26,-0.06,0.03,101187700,-5320855.85,35173230.34,-0.06268292687747622,-40494086.190000005
2018-12-31,402408295,29270627.0,2019-02-22,0.26,0.03,101187700,4035106.0,48521417.47,0.2892706030476036,-44486311.47
2019-03-31,369883785,26703827.0,2019-04-26,0.27,-0.15,101187700,191864609.0,19466866.61,0.2639038835747823,172397742.39
2019-06-30,432804498,6204419.0,2019-07-25,0.06,0.02,101187700,81329853.0,22349922.62,0.06131594057380492,58979930.379999995
2019-09-30,482109483,36179942.0,2019-10-25,0.36,0.29,101187700,105559194.0,84331396.01,0.3575527658005864,21227797.989999995
2019-12-31,507070199,66850008.0,2020-02-25,0.66,0.41,101187700,100931621.0,54592631.0,0.660653498399509,46338990.0
2020-03-31,391660807,-74480905.0,2020-04-23,-0.63,-0.16,101187700,136707231.0,35839331.0,-0.7360667847969664,100867900.0
2020-06-30,67133763,-70522624.0,2020-07-27,-0.71,-0.81,101187700,25323404.0,333407000.0,-0.696948581695206,-308083596.0
2020-09-30,221601651,-98464472.0,2020-10-22,-0.96,-0.55,101187667,-5046467.7,1493345000.0,-0.9730876787583214,-1498391467.7
2020-12-31,401828773,43636853.0,2021-02-19,0.04,0.03,105040200,46951507.0,41397147.0,0.41543002583772687,5554360.0
2021-03-31,320088640,-36007515.0,2021-04-23,-0.31,-0.52,116597700,36538554.0,933347000.0,-0.3088183986476577,-896808446.0
2021-06-30,574042000,76783000.0,2021-07-15,0.67,-0.02,116597700,314000000.0,1537862000.0,0.658529284882978,-1223862000.0
2021-09-30,643562864,75628121.0,2021-10-21,0.64,0.49,116597667,187000000.0,655839000.0,0.648624650440047,-468839000.0
2021-12-31,681813739,-9772305.29,2022-02-25,-0.01,0.42,116597700,248705169.0,1581098000.0,-0.08381216173217824,-1332392831.0
2022-03-31,566000000,-49000000.0,2022-04-27,-0.4,-0.12,116597667,196000000.0,147650000.0,-0.42024854579637516,48350000.0
2022-06-30,690000000,-49000000.0,2022-07-21,-0.4,-0.34,116597700,158000000.0,114992000.0,-0.4202484268557613,43008000.0
2022-09-30,769000000,40000000.0,2022-11-09,0.03,-0.02,116597667,88000000.0,68100999.0,0.34306003738479607,19899001.0
2022-12-31,820190000,-22224000.0,2023-02-21,0.2,0.18,116597700,168000000.0,135725000.0,-0.1906041028253559,32275000.0
2023-03-31,731000000,-71000000.0,2023-05-11,-0.61,-0.32,116597667,208000000.0,1959052902.0,-0.6089315663580129,-1751052902.0
2023-06-30,782000000,6000000.0,2023-07-24,0.05,0.05,116524400,159000000.0,3668000.0,0.051491361465924736,155332000.0
2023-09-30,848000000,-39000000.0,2023-10-24,-0.3,0.2,116565140,145000000.0,3668000.0,-0.3345768726396245,141332000.0
2023-12-31,898973000,111819000.0,2024-02-26,0.96,0.38,116584700,218000000.0,2385140773.0,0.9591224234397824,-2167140773.0
2024-03-31,768000000,33000000.0,2024-04-25,0.29,-0.07,116597700,245000000.0,141792000.0,0.28302445073959437,103208000.0
2024-06-30,726000000,10000000.0,2024-07-22,0.1,0.06,116597700,304000000.0,171857000.0,0.08576498507260435,132143000.0
2024-09-30,813000000,37000000.0,2024-10-23,0.32,0.21,115849370,233000000.0,261310000.0,0.3193802435006768,-28310000.0
2024-12-31,835000000,46000000.0,2025-02-24,0.39,0.4607,116550712,308000000.0,0.0,0.3946779836059689,308000000.0
2025-03-31,678000000,-51000000.0,2025-04-21,-0.44,-0.3377,115000845,140061000.0,77871000.0,-0.44347500229237447,62190000.0
2025-06-30,693000000,-63000000.0,2025-07-21,-0.55,-0.7981,116282700,118657343.0,42019933.0,-0.5417830855320697,76637410.0
2025-09-30,784000000,6000000.0,2025-10-27,0.05,-0.09,116282700,188555981.0,104364601.0,0.05159838909829235,84191380.0
