fiscalDateEnding,totalRevenue,netIncome,reportedDate,reportedEPS,estimatedEPS,commonStockSharesOutstanding,operatingCashflow,capitalExpenditures,eps_computed_simple,freeCashFlow
2011-03-31,210596000,-36505000,2011-06-01,0.06,0.03,16059000.0,,,-2.2731801482034997,
2011-06-30,230411000,-29552000,2011-08-03,0.06,0.24,46452000.0,,,-0.6361835873589943,
2011-09-30,261645000,81544000,2011-11-14,0.96,1.54,59014000.0,,0.0,1.3817738163825533,
2011-12-31,318277000,2957000,2012-02-27,0.72,0.6,58873538.0,26396000.0,40635000.0,0.05022630031169521,-14239000.0
2012-03-31,345819000,-16261000,2012-05-16,0.12,0.11,58874000.0,,,-0.2762000203825118,
2012-06-30,364462000,17997000,2012-08-16,0.12,0.12,56458000.0,,0.0,0.31876793368521733,
2012-09-30,396059000,11851000,2012-11-15,0.14,0.13,58788000.0,,0.0,0.2015887596108049,
2012-12-31,417818000,42737000,2013-03-05,0.11,0.13,60674650.0,27917000.0,71704000.0,0.7043633543827612,-43787000.0
2013-03-31,435719000,11890000,2013-05-16,0.08,0.12,61023000.0,34088000.0,120773000.0,0.19484456680268095,-86685000.0
2013-06-30,471101000,-42600000,2013-08-20,0.05,0.08,61274000.0,,0.0,-0.695237784378366,
2013-09-30,514020000,-13209000,2013-11-25,0.08,0.08,62318000.0,,0.0,-0.2119612311049777,
2013-12-31,545877000,-4307000,2014-03-06,0.1,0.07,66621355.0,10660000.0,69235000.0,-0.06464894026847698,-58575000.0
2014-03-31,585995000,-151774000,2014-05-22,0.08,0.1,66621000.0,,0.0,-2.2781705468245748,
2014-06-30,658017000,-62221000,2014-08-27,0.3,0.59,66816000.0,,0.0,-0.9312290469348659,
2014-09-30,778525000,39603000,2014-11-25,0.24,0.5,69767000.0,279903000.0,271116000.0,0.5676465950951023,8787000.0
2014-12-31,853910000,-174088000,2015-03-09,-0.18,0.26,66672000.0,111778000.0,209268000.0,-2.611111111111111,-97490000.0
2015-03-31,860107000,-96727000,2015-05-26,0.12,0.09,72062000.0,111810000.0,321983000.0,-1.3422747078904276,-210173000.0
2015-06-30,866787000,-145146000,2015-08-26,-0.12,0.1,81641000.0,-121361000.0,244327000.0,-1.777856714150978,-365688000.0
2015-09-30,924095000,-62142000,2015-11-24,0.12,0.24,86896000.0,102125000.0,236597000.0,-0.7151307309887682,-134472000.0
2015-12-31,983383000,-124084000,2016-03-10,-0.48,-0.56,87228000.0,160904000.0,299703000.0,-1.4225248773329664,-138799000.0
2016-03-31,862272000,-142800000,2016-05-26,-0.84,-0.31,87507000.0,-18486000.0,145951000.0,-1.6318694504439646,-164437000.0
2016-06-30,910849000,-96975000,2016-08-16,-1.14,-0.6,96436000.0,14739000.0,172113000.0,-1.0055891990542951,-157374000.0
2016-09-30,968006000,-133969000,2016-11-28,-0.12,-0.97,113691000.0,-18105000.0,146033000.0,-1.1783606442022676,-164138000.0
2016-12-31,900647000,-443256000,2017-03-08,-0.48,-0.93,113535000.0,98846000.0,136251000.0,-3.9041352886775003,-37405000.0
2017-03-31,862177000,-99794000,2017-05-25,-0.72,-0.58,113108000.0,22248000.0,108818000.0,-0.8822894932277116,-86570000.0
2017-06-30,878679000,-96813000,2017-08-22,-0.78,-0.74,111756000.0,68944000.0,149558000.0,-0.8662890583055943,-80614000.0
2017-09-30,886035000,-1374765000,2017-12-05,-0.6,-0.78,111784000.0,208639000.0,86874000.0,-12.298405854147283,121765000.0
2017-12-31,765814000,798642000,2018-03-12,0.48,-0.75,112584000.0,106343000.0,84398000.0,7.093743338307397,21945000.0
2018-03-31,800765000,32840000,2018-05-17,0.32,-0.06,112860000.0,95853000.0,92914000.0,0.2909799751905015,2939000.0
2018-06-30,828317000,-94210000,2018-08-16,-0.74,-0.04,112510000.0,111398000.0,95012000.0,-0.8373477913074393,16386000.0
2018-09-30,870068000,-29633000,2018-11-20,-0.14,0.07,112721000.0,260715000.0,127059000.0,-0.2628880155428004,133656000.0
2018-12-31,901887000,-114062000,2019-03-04,-0.93,0.68,112727000.0,237000000.0,138109000.0,-1.0118427705873483,98891000.0
2019-03-31,871859000,5640000,2019-05-16,0.14,0.21,115101000.0,32437000.0,137798000.0,0.04900044308911304,-105361000.0
2019-06-30,888020000,-102060000,2019-08-19,-0.68,-0.12,112967000.0,127110000.0,215510000.0,-0.9034496799950428,-88400000.0
2019-09-30,980969000,-69456000,2019-11-18,-0.52,-0.18,113189000.0,102985000.0,456892000.0,-0.6136285328079584,-353907000.0
2019-12-31,1048119000,-16416000,2020-03-04,0.4,0.11,111754000.0,444825000.0,465149000.0,-0.1468940709057394,-20324000.0
2020-03-31,1090797000,-138763000,2020-05-14,-0.92,0.03,111753866.0,58654000.0,436563000.0,-1.241684113192111,-377909000.0
2020-06-30,1144061000,-1652350000,2020-08-19,-0.37,-0.24,110158000.0,161787000.0,493938000.0,-14.999818442600628,-332151000.0
2020-09-30,1245794000,97144000,2020-11-24,0.48,-0.19,134273000.0,209971000.0,795477000.0,0.7234812657794195,-585506000.0
2020-12-31,1348367000,-1015378000,2021-03-23,-7.68,1.48,133827286.0,283831000.0,777445000.0,-7.587227017366249,-493614000.0
2021-03-31,1386923000,-84659000,2021-05-25,-0.6,-0.49,143423000.0,274453000.0,683008000.0,-0.5902749210377694,-408555000.0
2021-06-30,1496978000,455852000,2021-08-24,3.04,-0.32,150908000.0,314806000.0,447743000.0,3.0207278606833303,-132937000.0
2021-09-30,1560460000,156183000,2021-11-18,1.08,-0.37,149607000.0,134672000.0,659065000.0,1.0439551625258177,-524393000.0
2021-12-31,1745440000,-27278000,2022-03-30,-0.18,-1.41,150304000.0,663991000.0,944397000.0,-0.18148552267404727,-280406000.0
2022-03-31,1645486000,90706000,2022-05-24,0.18,-0.1097,156358000.0,482599000.0,1016233000.0,0.5801174228373348,-533634000.0
2022-06-30,1724863000,-377203000,2022-08-30,-2.58,-0.36,147701000.0,942711000.0,540557000.0,-2.553828342394432,402154000.0
2022-09-30,1814210000,-423567000,2022-11-22,-2.88,-0.58,148074000.0,607417000.0,580522000.0,-2.860508934721828,26895000.0
2022-12-31,1880673000,-56609000,2023-03-21,-0.42,-3.07,148055000.0,569567000.0,915591000.0,-0.3823511532876296,-346024000.0
2023-03-31,1805782000,82293000,2023-05-24,0.42,-0.64,176138000.0,455011000.0,611029000.0,0.4672075304590719,-156018000.0
2023-06-30,1821744000,-232879000,2023-08-23,-1.56,-0.39,148118000.0,423476000.0,404990000.0,-1.5722532035269177,18486000.0
2023-09-30,1886924000,-50462000,2023-11-15,-2.88,-0.52,148176000.0,454313000.0,964672000.0,-0.3405544757585574,-510359000.0
2023-12-31,1898126000,-187005000,2024-03-27,-15.88,-1.29,43563898.0,267587000.0,1011333000.0,-4.292659945168359,-743746000.0
2024-03-31,1898126000,-187005000,2024-05-29,-0.72,-0.14,261383000.0,267587000.0,1011333000.0,-0.7154443862072132,-743746000.0
2024-06-30,1993760000,63675000,2024-08-27,0.24,-0.42,261383000.0,405204000.0,1006083000.0,0.24360803877834442,-600879000.0
2024-09-30,2120794000,317626000,2024-11-20,0.3,0.05,290094000.0,355162000.0,454615000.0,1.0949071680214,-99453000.0
2024-12-31,2246389000,-11096000,2025-03-12,-0.06,0.06,44674774.17,572236000.0,1492972000.0,-0.24837282798065455,-920736000.0
2025-03-31,2246220000,-237558000,2025-05-28,-0.14,0.09,265599000.0,195713000.0,1826003000.0,-0.8944235482814318,-1630290000.0
2025-06-30,2434205000,-11981000,2025-08-21,-0.04,0.11,268414166.0,170883000.0,68681000.0,-0.04463624323017288,102202000.0
2025-09-30,2581747000,-307066000,2025-11-19,-1.1331,0.09,268954347.0,809817000.0,2221452000.0,-1.1417030563926895,-1411635000.0
