fiscalDateEnding,totalRevenue,netIncome,reportedDate,reportedEPS,estimatedEPS,commonStockSharesOutstanding,operatingCashflow,capitalExpenditures,eps_computed_simple,freeCashFlow
2013-03-31,1827500000,-212000000,2013-05-23,-0.92,-0.84,260769230,-28400000,6600000,-0.8129793534306176,-35000000
2013-06-30,2203700000,-82200000,2013-08-09,0.71,0.62,250300000,1318300000,79200000,-0.3284059129045146,1239100000
2013-09-30,2374400000,346600000,2013-11-06,1.08,0.69,262300000,1652200000,10600000,1.3213877239801755,1641600000
2013-12-31,2349400000,548100000,2014-02-12,0.75,0.7,263000000,321300000,15000000,2.0840304182509506,306300000
2014-03-31,2678700000,262100000,2014-05-07,0.57,0.65,263500000,786600000,8700000,0.9946869070208728,777900000
2014-06-30,2693900000,248300000,2014-08-06,0.83,0.71,256200000,1030800000,227400000,0.9691647150663544,803400000
2014-09-30,3202600000,405800000,2014-11-05,0.75,0.74,254400000,1098800000,448800000,1.595125786163522,650000000
2014-12-31,2518400000,1378800000,2015-02-11,0.99,0.75,240700000,712400000,156300000,5.728292480265891,556100000
2015-03-31,2596700000,189600000,2015-05-06,0.82,0.75,240700000,1053700000,8600000,0.7877025342750311,1045100000
2015-06-30,3010400000,285200000,2015-08-05,0.78,0.83,229800000,429500000,15400000,1.2410791993037424,414100000
2015-09-30,3685400000,40300000,2015-11-04,0.42,0.79,223600000,1203200000,354100000,0.18023255813953487,849100000
2015-12-31,1976000000,-106800000,2016-02-10,0.91,0.79,209100000,559300000,21800000,-0.5107604017216643,537500000
2016-03-31,3009300000,191600000,2016-05-04,0.55,0.7,209100000,656700000,18200000,0.9163079866092778,638500000
2016-06-30,2696000000,161500000,2016-08-03,0.79,0.79,203500000,1006400000,132100000,0.7936117936117936,874300000
2016-09-30,2528500000,-248100000,2016-11-02,0.78,0.8,199600000,819700000,12900000,-1.2429859719438878,806800000
2016-12-31,554200000,-432000000,2017-02-08,0.91,0.78,199600000,1107600000,17500000,-2.164328657314629,1090100000
2017-03-31,2057000000,-143000000,2017-05-03,0.81,0.73,194500000,-49000000,10400000,-0.7352185089974294,-59400000
2017-06-30,2191000000,167000000,2017-08-01,0.67,0.85,187700000,605000000,15700000,0.8897176345231753,589300000
2017-09-30,2184000000,149000000,2017-10-31,0.51,0.9,182400000,570000000,64800000,0.8168859649122807,505200000
2017-12-31,2186000000,-3165000000,2018-02-13,0.87,0.7,179400000,455300000,971000000,-17.642140468227424,-515700000
2018-03-31,1967000000,446000000,2018-05-01,0.77,0.85,178400000,401000000,215000000,2.5,186000000
2018-06-30,2113000000,166000000,2018-08-01,1.13,1.09,172800000,653000000,284000000,0.9606481481481481,369000000
2018-09-30,2252000000,142000000,2018-10-30,0.84,1.19,164000000,580000000,42000000,0.8658536585365854,538000000
2018-12-31,831000000,121000000,2019-02-05,1.32,1.22,157900000,234000000,185000000,0.766307789740342,49000000
2019-03-31,1822000000,74000000,2019-05-07,1.07,1.12,151300000,131000000,158000000,0.48909451421017847,-27000000
2019-06-30,1969000000,226000000,2019-08-06,1.52,1.46,149900000,418000000,35000000,1.5076717811874583,383000000
2019-09-30,1875000000,121000000,2019-11-05,0.81,1.4,144300000,302000000,99000000,0.8385308385308385,203000000
2019-12-31,1812000000,-781000000,2020-02-10,1.07,1.1,135000000,459000000,455000000,-5.785185185185185,4000000
2020-03-31,1685000000,-86000000,2020-05-05,0.83,0.86,137400000,-76000000,331000000,-0.6259097525473072,-407000000
2020-06-30,1669000000,-62000000,2020-08-05,0.15,0.86,128300000,508000000,84000000,-0.48324240062353857,424000000
2020-09-30,2071000000,-319000000,2020-11-04,0.3,1.38,126300000,356000000,58000000,-2.5257323832145686,298000000
2020-12-31,2224000000,261000000,2021-02-09,1.9,1.44,132400000,421000000,0,1.9712990936555892,421000000
2021-03-31,-1957000000,1100000000,2021-05-10,1.7,1.2,130900000,-936000000,570000000,8.403361344537815,-1506000000
2021-06-30,2503000000,463000000,2021-08-05,2.2,1.47,130200000,611000000,46000000,3.5560675883256527,565000000
2021-09-30,2009000000,156000000,2021-11-02,2.57,1.57,122400000,177000000,113000000,1.2745098039215685,64000000
2021-12-31,1401000000,407000000,2022-02-08,1.9,1.5,120000000,140000000,245000000,3.3916666666666666,-105000000
2022-03-31,1506000000,68000000,2022-05-03,1.47,1.42,117000000,362000000,0,0.5811965811965812,362000000
2022-06-30,1524000000,68000000,2022-08-02,1.67,1.26,110800000,353000000,0,0.6137184115523465,353000000
2022-09-30,1345000000,180000000,2022-11-01,2.3,1.06,106400000,418000000,0,1.6917293233082706,418000000
2022-12-31,1555000000,194000000,2023-02-07,1.77,1.54,107000000,219000000,0,1.8130841121495327,219000000
2023-03-31,1835000000,83000000,2023-05-02,1.69,1.71,109600000,156000000,0,0.7572992700729927,156000000
2023-06-30,1871000000,158000000,2023-08-01,2.31,2.01,109800000,715000000,0,1.4389799635701275,715000000
2023-09-30,1823000000,262000000,2023-10-31,2.07,2.05,108400000,403000000,8000000,2.4169741697416973,395000000
2023-12-31,1819000000,122000000,2024-02-06,1.97,1.88,107000000,364000000,8000000,1.1401869158878504,356000000
2024-03-31,2051000000,251000000,2024-04-30,1.88,1.61,104500000,231000000,0,2.401913875598086,231000000
2024-06-30,2033000000,205000000,2024-07-30,2.27,2.15,102300000,316000000,0,2.0039100684261975,316000000
2024-09-30,1956000000,114000000,2024-11-04,0.98,1.88,100400000,719000000,0,1.1354581673306774,719000000
2024-12-31,2010000000,97000000,2025-02-04,1.5,0.75,99000000,79000000,0,0.9797979797979798,79000000
2025-03-31,1969000000,156000000,2025-05-06,2.15,1.51,97887000,-179000000,0,1.5936743387783874,-179000000
2025-06-30,1981000000,166000000,2025-08-05,2.4,2.06,98000000,742000000,0,1.6938775510204083,742000000
2025-09-30,2128000000,192000000,2025-11-04,1.8,2.12,97000000,168000000,0,1.9793814432989691,168000000
