fiscalDateEnding,totalRevenue,netIncome,reportedDate,reportedEPS,estimatedEPS,commonStockSharesOutstanding,operatingCashflow,capitalExpenditures,eps_computed_simple,freeCashFlow
2009-09-30,258311000,42205000,2009-11-17,0.2344,,179850853,71047000,8124000,0.23466666571773223,62923000
2009-12-31,265126000,-6445000,2010-03-09,0.32,0.3,189454756,70825000,14375000,-0.0340186762057322,56450000
2010-03-31,276154000,55375000,2010-05-06,0.33,0.31,189454759,137189000,7498000,0.29228613887709204,129691000
2010-06-30,281677000,58404000,2010-08-04,0.33,0.33,189541896,35845000,8072000,0.30813240361381633,27773000
2010-09-30,287354000,62880000,2010-11-03,0.36,0.34,187188670,68773000,6636000,0.3359177668178314,62137000
2010-12-31,293158000,65893000,2011-02-28,0.39,0.37,176964192,94225000,16435000,0.3723521648944663,77790000
2011-03-31,312869000,65876000,2011-05-03,0.4,0.38,176964195,145581000,13648000,0.37225609395166065,131933000
2011-06-30,327280000,65577000,2011-08-02,0.41,0.39,174634049,41506000,14523000,0.3755109635005943,26983000
2011-09-30,340098000,70987000,2011-11-01,0.45,0.41,171169661,136667000,13754000,0.4147171851908967,122913000
2011-12-31,351593000,80318000,2012-02-28,0.5,0.44,171350820,51967000,17904000,0.46873426109078437,34063000
2012-03-31,346501000,74601000,2012-05-01,0.47,0.45,171350823,189613000,17442000,0.43536995442385473,172171000
2012-06-30,373226000,73331000,2012-07-31,0.47,0.46,171901352,-2178000,19090000,0.426587686174801,-21268000
2012-09-30,398863000,82911000,2012-10-30,0.54,0.5,171660546,133562000,19192000,0.48299391987253726,114370000
2012-12-31,415730000,98299000,2013-02-26,0.63,0.54,172760641,147232000,18649000,0.568989553587035,128583000
2013-03-31,376697000,80511000,2013-04-30,0.53,0.53,172760644,191257000,28065000,0.4660262785313535,163192000
2013-06-30,390356000,84205000,2013-07-30,0.55,0.53,172467691,55434000,35440000,0.48823637350139976,19994000
2013-09-30,411927000,96441000,2013-11-05,0.62,0.6,172154556,139761000,44410000,0.560200102981881,95351000
2013-12-31,332463000,87223000,2014-02-25,0.55,0.55,170421489,120468000,38061000,0.5118075221135991,82407000
2014-03-31,409643000,115558000,2014-04-29,0.55,0.55,170421492,232828000,36144000,0.6780717540015434,196684000
2014-06-30,423554000,88099000,2014-07-29,0.57,0.56,169503667,54007000,39620000,0.5197468677772027,14387000
2014-09-30,448665000,99015000,2014-10-28,0.64,0.64,169522451,91800000,27228000,0.5840819278857642,64572000
2014-12-31,464864000,97370000,2015-02-24,0.65,0.63,161481213,110817000,43826000,0.6029803603221633,66991000
2015-03-31,384293000,98686000,2015-04-28,0.67,0.61,161481216,270990000,24760000,0.6111299038025575,246230000
2015-06-30,428599000,163320000,2015-07-28,0.77,0.66,167586103,84511000,35332000,0.9745438140536032,49179000
2015-09-30,470408000,131814000,2015-10-27,0.85,0.77,172171340,164543000,45673000,0.7655978050702283,118870000
2015-12-31,560562000,113757000,2016-02-23,0.8,0.74,172566725,103643000,60373000,0.659205881087446,43270000
2016-03-31,492700000,92600000,2016-05-03,0.75,0.76,171480887,303900000,30763000,0.5400018720453668,273137000
2016-06-30,498300000,261800000,2016-08-02,0.73,0.76,171218785,81200000,31468000,1.5290378330858965,49732000
2016-09-30,498100000,127600000,2016-11-01,0.84,0.75,171785903,99300000,36339000,0.7427850468032875,62961000
2016-12-31,506123000,109248000,2017-02-21,0.8,0.77,170200724,82429000,57930000,0.6418774105802276,24499000
2017-03-31,502600000,108800000,2017-05-02,0.74,0.79,170150865,317900000,31100000,0.6394325412333343,286800000
2017-06-30,523200000,121000000,2017-08-01,0.82,0.77,168314299,111900000,41400000,0.7188931702112843,70500000
2017-09-30,549100000,120700000,2017-10-31,0.84,0.78,167957061,162300000,41300000,0.7186360566287833,121000000
2017-12-31,570300000,204600000,2018-02-20,0.81,0.78,168333259,151400000,69700000,1.2154460812761902,81700000
2018-03-31,581200000,133000000,2018-05-01,0.94,0.94,168992538,327000000,43200000,0.7870169983481756,283800000
2018-06-30,601300000,153500000,2018-07-31,1.06,1.0,168651205,207300000,56100000,0.9101624859425108,151200000
2018-09-30,598700000,166000000,2018-10-30,1.08,1.07,168200769,226600000,55200000,0.9869158208188692,171400000
2018-12-31,613900000,146200000,2019-02-19,1.04,1.07,167346844,173400000,76500000,0.8736346411169845,96900000
2019-03-31,625000000,134400000,2019-04-30,1.03,1.03,166544948,366100000,45200000,0.8069893540091051,320900000
2019-06-30,652600000,150400000,2019-07-30,1.1,1.1,166697279,200300000,46900000,0.9022342830203005,153400000
2019-09-30,652700000,32900000,2019-10-29,1.12,1.13,166779621,213600000,60700000,0.19726630749448698,152900000
2019-12-31,676800000,132200000,2020-02-18,1.13,1.12,166218624,176400000,64000000,0.7953380723450099,112400000
2020-03-31,689800000,171700000,2020-05-05,1.17,1.13,165724123,362600000,52900000,1.0360591861451576,309700000
2020-06-30,678800000,179000000,2020-08-04,1.29,1.19,165103091,249500000,56700000,1.0841711013151172,192800000
2020-09-30,702700000,185800000,2020-11-04,1.32,1.2,165731229,207100000,64800000,1.1210922716321616,142300000
2020-12-31,713400000,176200000,2021-02-23,1.27,1.3,164436717,249000000,72400000,1.071536839305786,176600000
2021-03-31,726100000,168600000,2021-05-04,1.23,1.25,164436720,448700000,59200000,1.02531843252529,389500000
2021-06-30,747500000,154000000,2021-08-03,1.17,1.33,163046541,233200000,62500000,0.9445155907968633,170700000
2021-09-30,759000000,201700000,2021-11-02,1.44,1.36,162792794,285200000,61400000,1.2389983306017833,223800000
2021-12-31,766000000,142000000,2022-02-22,1.47,1.41,163079594,188600000,85300000,0.870740455731083,103300000
2022-03-31,643600000,505800000,2022-05-03,1.34,1.39,161638620,399600000,60000000,3.129202662086573,339600000
2022-06-30,612800000,197700000,2022-08-02,1.53,1.41,159123563,130200000,69200000,1.2424307014794533,61000000
2022-09-30,610100000,189500000,2022-11-01,1.46,1.47,157978609,280200000,65800000,1.1995294881979877,214400000
2022-12-31,229900000,61100000,2023-02-28,1.43,1.18,156974983,249000000,79700000,0.3892339966044143,169300000
2023-03-31,651600000,56300000,2023-05-03,1.29,1.19,152709319,365300000,61200000,0.3686742915800705,304100000
2023-06-30,675000000,196900000,2023-08-02,1.51,1.41,145500121,192900000,58200000,1.3532634794166254,134700000
2023-09-30,677600000,187400000,2023-11-01,1.52,1.47,145742519,250100000,54300000,1.285829291862315,195800000
2023-12-31,677200000,173800000,2024-02-21,1.4,1.44,145392678,252400000,56300000,1.1953834428993735,196100000
2024-03-31,704000000,219600000,2024-05-01,1.63,1.53,143973534,372200000,55200000,1.5252803338146856,317000000
2024-06-30,716800000,307800000,2024-07-31,1.74,1.64,143293222,211700000,57800000,2.1480429828006797,153900000
2024-09-30,725300000,220000000,2024-10-30,1.67,1.6,142511000,296200000,55500000,1.5437404831907713,240700000
2024-12-31,735600000,210300000,2025-02-19,1.61,1.5973,141591000,255400000,55400000,1.485263893891561,200000000
2025-03-31,753000000,232300000,2025-04-29,1.73,1.683,140940000,444700000,53700000,1.64821910032638,391000000
2025-06-30,772600000,253300000,2025-07-29,1.88,1.77,140339539,244500000,55800000,1.804908308840889,188700000
2025-09-30,768300000,225500000,2025-10-29,1.72,1.7,139941935,403500000,67400000,1.611382606650394,336100000
