fiscalDateEnding,totalRevenue,netIncome,reportedDate,reportedEPS,estimatedEPS,commonStockSharesOutstanding,operatingCashflow,capitalExpenditures,eps_computed_simple,freeCashFlow
2023-06-30,51468346,95708227,2023-07-20,1.3804,,69504885,20685664,110155.0,1.3770000051075546,20575509.0
2023-09-30,56400000,76218000,2023-10-19,0.8046,,83370793,71462312,85857.0,0.9142050502026531,71376455.0
2023-12-31,55944729,113829800,2024-02-21,1.6,0.4,8701091,15848497,1968626.0,13.082244513935091,13879871.0
2024-03-31,60589656,124867577,2024-04-25,1.4,0.41,88480182,47376,10441.0,1.4112490975662777,36935.0
2024-06-30,62336482,109304069,2024-07-25,1.2,0.45,88648879,37675411,1.0,1.233000013457587,37675410.0
2024-09-30,62537000,51042000,2024-10-24,1.2,0.34,86898360,41527000,10440.0,0.587375872225897,41516560.0
2025-03-31,67099999,14900000,2025-04-23,0.268,0.487,86785710,19099000,733000.0,0.1716872512767367,18366000.0
2025-06-30,67277054,27719313,2025-07-24,0.2789,0.4794,85818306,50027503,257456.0,0.3230000018877091,49770047.0
2025-09-30,73731843,25003569,2025-10-23,0.03,0.4936,84601793,49891255,14.12,0.29554419727250936,49891240.88
