fiscalDateEnding,totalRevenue,netIncome,reportedDate,reportedEPS,estimatedEPS,commonStockSharesOutstanding,operatingCashflow,capitalExpenditures,eps_computed_simple,freeCashFlow
2005-09-30,279121000,46602000,2005-10-19,0.86,0.86,54310000,60144000,18229000,0.8580740195175842,41915000
2005-12-31,291902000,45500000,2006-01-26,0.84,0.84,54236000,78276000,10894000,0.8389261744966443,67382000
2006-03-31,295710000,43852000,2006-04-18,0.82,0.81,53703000,107221000,5197000,0.8165651825782545,102024000
2006-06-30,306616000,43143000,2006-07-25,0.81,0.82,53252000,20303000,10860000,0.8101667543003079,9443000
2006-09-30,267190000,8997000,2006-10-17,0.77,0.77,52871000,5981000,13503000,0.1701689016663199,-7522000
2006-12-31,364572000,37798000,2007-01-18,0.77,0.72,56762000,24140000,6467000,0.6659032451287833,17673000
2007-03-31,296047000,35036000,2007-04-19,0.67,0.75,56762000,-24477000,8555000,0.6172439307987738,-33032000
2007-06-30,305821000,35467000,2007-07-24,0.78,0.75,56243000,66492000,6537000,0.6306029194744235,59955000
2007-09-30,311861000,34968000,2007-10-23,0.78,0.78,54259000,236443000,11952000,0.6444645127997198,224491000
2007-12-31,269193000,-8698000,2008-01-24,0.23,0.14,54996000,28234000,7496000,-0.15815695686959053,20738000
2008-03-31,279851000,24581000,2008-04-22,0.51,0.57,52517000,263460000,8623000,0.46805796218367385,254837000
2008-06-30,263168000,-28725000,2008-07-22,0.42,0.4,52017000,56715000,7107000,-0.5522233116096661,49608000
2008-09-30,263883000,-16754000,2008-10-21,0.17,0.24,52032000,110445000,6941000,-0.3219941574415744,103504000
2008-12-31,33066000,-300501000,2009-01-23,-2.8,-1.85,52020000,51919000,11063000,-5.776643598615917,40856000
2009-03-31,239880000,-11126000,2009-04-21,-0.41,-0.28,52102000,15543000,5632000,-0.21354266630839508,9911000
2009-06-30,249653000,-31562000,2009-07-17,-0.43,-0.37,58486000,-39573000,7651000,-0.5396505146530793,-47224000
2009-09-30,230405000,-19250000,2009-10-22,-0.35,-0.24,66281000,134430000,8684000,-0.2904301383503568,125746000
2009-12-31,200526000,-13696000,2010-01-22,-0.26,-0.24,63916000,3376000,9762000,-0.21428124413292446,-6386000
2010-03-31,224836000,1421000,2010-04-22,-0.08,-0.11,77922000,-109656000,2575000,0.01823618490285157,-112231000
2010-06-30,244742000,17638000,2010-07-16,0.07,0.06,82721000,290727000,3074000,0.21322276084670155,287653000
2010-09-30,224541000,22687000,2010-10-15,0.24,0.17,82128000,104324000,5224000,0.27623952854081435,99100000
2010-12-31,230870000,32569000,2011-01-14,0.3,0.2,92554000,51745000,7806000,0.3518918685308036,43939000
2011-03-31,220125000,34580000,2011-04-15,0.34,0.29,92554000,107203000,6754000,0.3736197247012555,100449000
2011-06-30,222288000,34184000,2011-07-15,0.41,0.35,92184000,74643000,6405000,0.37082357025080276,68238000
2011-09-30,219253000,42231000,2011-10-14,0.48,0.4,91205000,73607000,6549000,0.46303382489995065,67058000
2011-12-31,215181000,40497000,2012-01-19,0.45,0.42,90929000,1046000,9159000,0.4453694640873649,-8113000
2012-03-31,218093000,38938000,2012-04-17,0.43,0.4,91782000,34811000,2477000,0.4242444052210673,32334000
2012-06-30,221986000,41240000,2012-07-13,0.47,0.44,91543000,60789000,5201000,0.4504986727548802,55588000
2012-09-30,220695000,44993000,2012-10-12,0.49,0.46,91884000,93455000,6866000,0.48967176004527446,86589000
2012-12-31,225486000,48526000,2013-01-18,0.53,0.49,91315000,68027000,7439000,0.5314132398839183,60588000
2013-03-31,218361000,42117000,2013-04-15,0.45,0.46,89662000,65803000,1758000,0.46973076665700075,64045000
2013-06-30,222344000,46373000,2013-07-12,0.49,0.47,90087000,180192000,3058000,0.5147579561978975,177134000
2013-09-30,218010000,47305000,2013-10-11,0.51,0.49,90423000,129237000,6431000,0.5231522953230926,122806000
2013-12-31,219975000,43754000,2014-01-17,0.52,0.5,90602000,101492000,10639000,0.482925321736827,90853000
2014-03-31,227607000,50429000,2014-04-17,0.53,0.48,90658000,63288000,7970000,0.556255377352247,55318000
2014-06-30,225093000,47834000,2014-07-17,0.5,0.51,90528000,40411000,6054000,0.5283890067161541,34357000
2014-09-30,230823000,50457000,2014-10-16,0.52,0.52,90614000,93407000,5884000,0.5568344847374578,87523000
2014-12-31,237526000,51015000,2015-01-22,0.55,0.53,90741000,77058000,10131000,0.562204516150362,66927000
2015-03-31,240802000,49722000,2015-04-16,0.52,0.54,90841000,35941000,8437000,0.5473519666230007,27504000
2015-06-30,246215000,52043000,2015-07-16,0.56,0.55,91302000,64869000,7412000,0.5700094192898294,57457000
2015-09-30,253290000,51370000,2015-10-15,0.54,0.55,92007000,81542000,10952000,0.5583270838088407,70590000
2015-12-31,258265000,52579000,2016-01-21,0.55,0.55,91956000,95284000,9314000,0.5717843316368698,85970000
2016-03-31,264709000,47047000,2016-04-19,0.52,0.53,91809000,13952000,12441000,0.5124443137383046,1511000
2016-06-30,267506000,50603000,2016-07-20,0.53,0.52,91745000,84851000,8198000,0.5515613929914437,76653000
2016-09-30,272127000,51817000,2016-10-21,0.54,0.53,91857000,88764000,10611000,0.5641050763687036,78153000
2016-12-31,282049000,57660000,2017-01-19,0.6,0.55,92099000,210578000,9481000,0.6260654295920695,201097000
2017-03-31,282722000,59471000,2017-04-21,0.62,0.57,92342000,144093000,7232000,0.6440298022568279,136861000
2017-06-30,291340000,61579000,2017-07-21,0.64,0.61,92495000,37911000,6160000,0.6657549056705768,31751000
2017-09-30,296867000,64496000,2017-10-19,0.67,0.64,92503000,118271000,6642000,0.6972314411424494,111629000
2017-12-31,302139000,69893000,2018-01-23,0.65,0.67,92400000,144691000,8512000,0.7564177489177489,136179000
2018-03-31,314668000,80225000,2018-04-19,0.85,0.79,92254000,132267000,5780000,0.8696099898107399,126487000
2018-06-30,328865000,81682000,2018-07-19,0.92,0.87,92173000,124259000,10283000,0.8861814197216105,113976000
2018-09-30,340647000,99673000,2018-10-18,0.98,0.94,92208000,239857000,9418000,1.0809582682630574,230439000
2018-12-31,353555000,98838000,2019-01-24,1.01,0.98,92202000,-26975000,7477000,1.0719724084076268,-34452000
2019-03-31,354802000,99736000,2019-04-18,1.06,1.01,92225000,43334000,5963000,1.0814421252371917,37371000
2019-06-30,368110000,98649000,2019-07-18,1.05,1.04,91855000,54627000,6735000,1.0739644004136955,47892000
2019-09-30,364067000,93865000,2019-10-22,1.01,1.01,91874000,34102000,6073000,1.0216709841739775,28029000
2019-12-31,352919000,90473000,2020-01-23,0.96,0.97,91916000,171787000,6946000,0.9843008834152922,164841000
2020-03-31,347848000,38199000,2020-04-21,0.39,0.78,91206000,-61588000,3548000,0.41882113018880335,-65136000
2020-06-30,312351000,53097000,2020-07-23,0.57,0.49,89570000,102467000,4269000,0.5927989282125712,98198000
2020-09-30,314299000,69281000,2020-10-22,0.75,0.65,89738000,120617000,6199000,0.7720363725512046,114418000
2020-12-31,312828000,60044000,2021-01-21,0.99,0.74,89915000,219053000,7264000,0.66778624256242,211789000
2021-03-31,312331000,108078000,2021-04-19,1.25,0.9,90108000,228825000,3680000,1.1994273538420561,225145000
2021-06-30,304260000,94035000,2021-07-22,1.21,1.0,90221000,84406000,3727000,1.0422739716917346,80679000
2021-09-30,323467000,95713000,2021-10-21,1.08,1.07,90232000,150938000,3822000,1.0607434169695895,147116000
2021-12-31,324922000,111038000,2022-01-20,1.31,1.08,90284000,224423000,5360000,1.2298746178724913,219063000
2022-03-31,513863000,-16747000,2022-04-28,1.24,1.1,147394000,215257000,4644000,-0.11362063584677802,210613000
2022-06-30,634680000,182311000,2022-07-21,1.29,1.25,175895000,423548000,5251000,1.036476306887632,418297000
2022-09-30,728657000,233968000,2022-10-20,1.46,1.42,173944000,421860000,8631000,1.3450765763694061,413229000
2022-12-31,842740000,244751000,2023-01-26,1.6,1.66,172699000,275287000,10236000,1.4172114488213596,265051000
2023-03-31,901694000,221004000,2023-04-20,1.49,1.57,172883000,214294000,10293000,1.278344313784467,204001000
2023-06-30,1022770000,234968000,2023-07-20,1.5,1.47,172803000,249368000,9368000,1.3597449118360214,240000000
2023-09-30,1021171000,226475000,2023-10-19,1.55,1.49,171350000,427172000,14319000,1.3217099503939305,412853000
2023-12-31,996962000,185393000,2024-01-23,1.46,1.48,170623000,87815000,6323000,1.0865651172467956,81492000
2024-03-31,1051203000,216323000,2024-04-23,1.35,1.41,170704000,243681000,5057000,1.267240369294217,238624000
2024-06-30,1018584000,181633000,2024-07-23,1.26,1.34,169937000,223991000,8426000,1.0688255059227831,215565000
2024-09-30,1061804000,192985000,2024-10-17,1.34,1.35,169894000,45312000,10022000,1.1359141582398438,35290000
2024-12-31,1047594000,177766000,2025-01-17,1.43,1.35,170005000,891316000,12339000,1.0456515984823975,878977000
2025-03-31,1066093000,226917000,2025-04-24,1.3,1.38,169544000,94890000,8311000,1.3383959326192612,86579000
2025-06-30,1095244000,258848000,2025-07-17,1.52,1.41,166131000,270914000,13222000,1.5580957196429324,257692000
2025-09-30,1129208000,261217000,2025-10-17,1.54,1.52,164456000,374720000,12215000,1.5883701415576204,362505000
