fiscalDateEnding,totalRevenue,netIncome,reportedDate,reportedEPS,estimatedEPS,commonStockSharesOutstanding,operatingCashflow,capitalExpenditures,eps_computed_simple,freeCashFlow
2024-03-31,326744000,6192000,2024-05-29,0.075,0.0,127069252,23856000,3062000,0.04872933382813963,20794000
2024-06-30,320972000,-76885000,2024-08-08,0.2,-0.54,126886102,-1462000,2286000,-0.6059371261952707,-3748000
2024-09-30,347915000,19753000,2024-11-07,0.15,-0.44,130817876,4145000,3643000,0.1509961834267971,502000
2024-12-31,352847000,-92965000,2025-02-25,-0.03,-0.47,128587944,-8656000,4158000,-0.7229682434303484,-12814000
2025-03-31,325707000,-22476000,2025-05-13,0.03,-0.13,129598942,-18652000,536000,-0.17342734171394703,-19188000
2025-06-30,348271000,-4326000,2025-08-12,0.07,0.02,129980922,5701000,1761000,-0.033281807310152796,3940000
2025-09-30,378041000,-11647000,2025-11-12,0.04,-0.07,130204411,16529000,4687000,-0.08945165459870634,11842000
