fiscalDateEnding,totalRevenue,netIncome,reportedDate,reportedEPS,estimatedEPS,commonStockSharesOutstanding,operatingCashflow,capitalExpenditures,eps_computed_simple,freeCashFlow
2005-09-30,1131449000,25008000,2005-10-20,0.63,0.55,49035294,30867000,3110000,0.5100000012236084,27757000
2005-12-31,1236722000,39735000,2006-02-02,0.88,0.61,51686047,128983000,3157000,0.7687761457168508,125826000
2006-03-31,1265508000,44450000,2006-04-20,0.86,0.7,51686047,32520000,4206000,0.8599999918740159,28314000
2006-06-30,1335976000,55178000,2006-07-20,1.05,0.94,52550476,27046000,4491000,1.0500000038058648,22555000
2006-09-30,1343066000,59385000,2006-10-19,1.13,1.05,52553097,5504000,6175000,1.1300000074210659,-671000
2006-12-31,1376053000,58307000,2007-02-01,1.06,1.03,51782796,142013000,3487000,1.1259917289904546,138526000
2007-03-31,1450556000,48158000,2007-04-19,0.99,1.08,51782796,75801000,2848000,0.9299999945927987,72953000
2007-06-30,1518108000,59667000,2007-07-19,1.17,1.27,48907377,52471000,3785000,1.2200000012268089,48686000
2007-09-30,1545607000,71774000,2007-10-18,1.29,1.23,46606494,78937000,4538000,1.5399999836932596,74399000
2007-12-31,1489181000,61032000,2008-01-31,1.22,1.16,43950980,55069000,4947000,1.3886379780382598,50122000
2008-03-31,1465206000,42690000,2008-04-24,1.07,1.02,44033472,91961000,11319000,0.9694897554296876,80642000
2008-06-30,1587753000,57987000,2008-07-24,1.38,1.36,43616895,46024000,8284000,1.3294618977348112,37740000
2008-09-30,1628087000,63728000,2008-10-23,1.53,1.39,43099637,83085000,7344000,1.47862034197643,75741000
2008-12-31,1429794000,41867000,2009-01-29,0.99,1.04,42564190,58791000,8337000,0.9836202685872796,50454000
2009-03-31,1179590000,23262000,2009-04-23,0.55,0.56,42564190,134594000,2856000,0.5465157448080182,131738000
2009-06-30,1159218000,26454000,2009-07-23,0.62,0.74,42700000,70108000,3368000,0.6195316159250586,66740000
2009-09-30,1152427000,33619000,2009-10-22,0.63,0.68,42800000,86152000,4281000,0.7854906542056075,81871000
2009-12-31,1132722000,21753000,2010-01-28,0.51,0.5,43653983,810000,2465000,0.49830504584197965,-1655000
2010-03-31,1148599000,19200000,2010-04-22,0.5,0.39,43653983,68674000,2246000,0.43982240979019027,66428000
2010-06-30,1259121000,27793000,2010-07-22,0.6,0.58,46000000,82000,3776000,0.604195652173913,-3694000
2010-09-30,1324555000,33661000,2010-10-21,0.74,0.65,45500000,6700000,4100000,0.7398021978021978,2600000
2010-12-31,1331587000,34823000,2011-01-27,0.72,0.65,50400000,51786000,5009000,0.6909325396825396,46777000
2011-03-31,1431305000,37305000,2011-04-21,0.74,0.69,50400000,31800000,5600000,0.7401785714285715,26200000
2011-06-30,1524515000,50207000,2011-07-21,1.0,0.92,50300000,-9300000,10300000,0.9981510934393638,-19600000
2011-09-30,1580376000,53890000,2011-10-20,1.13,1.04,48500000,49300000,8100000,1.1111340206185567,41200000
2011-12-31,1589522000,54849000,2012-01-26,1.12,0.97,51300000,95705000,9381000,1.0691812865497077,86324000
2012-03-31,1606018000,52978000,2012-04-19,0.99,0.96,51300000,58300000,4500000,1.03270955165692,53800000
2012-06-30,1672734000,58874000,2012-07-19,1.15,1.21,51100000,56900000,7800000,1.152133072407045,49100000
2012-09-30,1656186000,63415000,2012-10-18,1.25,1.24,50800000,74400000,7200000,1.2483267716535433,67200000
2012-12-31,1644363000,26510000,2013-01-31,1.06,1.08,51400000,98600000,3600000,0.5157587548638133,95000000
2013-03-31,1808059000,83989000,2013-04-18,1.12,1.14,52400000,80400000,6000000,1.6028435114503816,74400000
2013-06-30,1893953000,65285000,2013-07-25,1.25,1.34,52300000,39400000,5800000,1.2482791586998088,33600000
2013-09-30,1931260000,69162000,2013-10-24,1.42,1.41,52500000,59900000,8700000,1.3173714285714286,51200000
2013-12-31,1880071000,57994000,2014-01-30,1.26,1.31,53200000,135400000,7300000,1.0901127819548873,128100000
2014-03-31,1810825000,51905000,2014-04-24,0.97,1.07,53400000,46700000,5000000,0.9720037453183521,41700000
2014-06-30,2005165000,68802000,2014-07-24,1.29,1.34,53500000,4129000,6800000,1.286018691588785,-2671000
2014-09-30,2078150000,80816000,2014-10-23,1.52,1.5,53200000,89000000,4200000,1.5190977443609022,84800000
2014-12-31,1995485000,74383000,2015-01-29,1.4,1.48,52200000,111336000,4512000,1.4249616858237548,106824000
2015-03-31,1816330000,47031000,2015-04-23,0.9,1.01,52200000,90100000,5000000,0.9009770114942529,85100000
2015-06-30,1916718000,51741000,2015-07-23,1.0,1.15,51900000,42500000,7600000,0.9969364161849711,34900000
2015-09-30,1923899000,63503000,2015-10-22,1.28,1.23,49700000,43400000,3600000,1.2777263581488933,39800000
2015-12-31,1861540000,48414000,2016-01-28,1.03,1.02,47200000,107100000,5500000,1.025720338983051,101600000
2016-03-31,1775961000,36053000,2016-04-28,0.77,0.73,46800000,78600000,3600000,0.7703632478632478,75000000
2016-06-30,1911582000,49798000,2016-07-28,1.02,0.97,48600000,60000000,3500000,1.024650205761317,56500000
2016-09-30,1855212000,-31611000,2016-10-27,1.05,1.11,48700000,78600000,6100000,-0.6490965092402464,72500000
2016-12-31,1793262000,47345000,2017-01-26,0.96,0.95,49200000,83000000,4800000,0.9622967479674797,78200000
2017-03-31,1772591000,37729000,2017-04-27,0.76,0.73,49400000,47600000,4500000,0.7637449392712551,43100000
2017-06-30,1909624000,49510000,2017-07-27,1.02,0.98,48800000,19200000,5300000,1.0145491803278688,13900000
2017-09-30,2000159000,53675000,2017-10-26,1.12,1.02,47800000,14300000,6200000,1.122907949790795,8100000
2017-12-31,1996646000,22542000,2018-02-01,1.03,0.98,47500000,68000000,5500000,0.4745684210526316,62500000
2018-03-31,1993915000,44421000,2018-04-26,0.93,0.88,47600000,53000000,7700000,0.9332142857142857,45300000
2018-06-30,2103994000,57940000,2018-08-02,1.22,1.23,47600000,33800000,8700000,1.2172268907563024,25100000
2018-09-30,2067245000,66849000,2018-11-01,1.41,1.36,47500000,87700000,7300000,1.4073473684210527,80400000
2018-12-31,2011447000,58133000,2019-01-31,1.26,1.25,46200000,122200000,12500000,1.2582900432900432,109700000
2019-03-31,1961267000,42369000,2019-05-02,0.93,0.95,45500000,28900000,10800000,0.9311868131868132,18100000
2019-06-30,2150088000,63464000,2019-08-01,1.45,1.43,43800000,-37700000,10600000,1.4489497716894977,-48300000
2019-09-30,2148110000,64495000,2019-10-31,1.52,1.44,42378000,125464000,8923000,1.5218981547029118,116541000
2019-12-31,2099452000,53097000,2020-01-30,1.32,1.33,42210000,107703000,13744000,1.2579246624022744,93959000
2020-03-31,1968647000,34407000,2020-04-30,0.91,0.96,42075000,31528000,15762000,0.8177540106951872,15766000
2020-06-30,2086706000,-34506000,2020-08-13,1.36,0.66,50042436,101160000,11401000,-0.6895347780431792,89759000
2020-09-30,4141801000,80678000,2020-11-05,1.66,1.37,50487000,286250000,15399000,1.5979955236001346,270851000
2020-12-31,4128841000,19982000,2021-02-09,1.22,1.33,51069000,124993000,14109000,0.3912745501184672,110884000
2021-03-31,4041477000,59178000,2021-05-06,1.43,0.81,51708000,120490000,10211000,1.144465073102808,110279000
2021-06-30,4595790000,119195000,2021-08-05,2.64,1.93,51994000,-17695000,9980000,2.292476054929415,-27675000
2021-09-30,4728325000,119596000,2021-11-04,2.74,2.55,52063000,69875000,4979000,2.2971400034573497,64896000
2021-12-31,4851920000,167413000,2022-02-15,3.17,2.54,52269000,-105532000,29576000,3.2029118598021773,-135108000
2022-03-31,4932200000,181200000,2022-05-05,3.63,2.22,52237000,-171911000,15247000,3.4688056358519823,-187158000
2022-06-30,5483500000,220700000,2022-08-04,4.19,3.93,52200000,-132500000,16400000,4.227969348659004,-148900000
2022-09-30,5445900000,239600000,2022-11-03,4.49,4.42,52389000,-106090000,27725000,4.573479165473668,-133815000
2022-12-31,5558494000,218920000,2023-02-14,4.13,3.79,52404000,421659000,40046000,4.1775436989542785,381613000
2023-03-31,5521900000,197100000,2023-05-04,3.75,3.57,52500000,-255400000,13900000,3.7542857142857144,-269300000
2023-06-30,5745500000,193100000,2023-08-03,3.71,4.45,52400000,317600000,30400000,3.685114503816794,287200000
2023-09-30,5644400000,233400000,2023-11-02,4.49,3.88,52200000,361700000,19300000,4.471264367816092,342400000
2023-12-31,5473400000,141900000,2024-02-13,2.65,3.86,52000000,69300000,28700000,2.728846153846154,40600000
2024-03-31,5350000000,115800000,2024-05-02,2.3,2.52,51900000,746300000,20400000,2.23121387283237,725900000
2024-06-30,5479700000,232100000,2024-08-01,3.21,3.6,50900000,-223800000,20800000,4.5599214145383105,-244600000
2024-09-30,5489400000,204300000,2024-10-31,3.58,3.25,49800000,302100000,29200000,4.102409638554217,272900000
2024-12-31,5499700000,165400000,2025-02-11,3.16,3.21,49800000,276600000,24300000,3.321285140562249,252300000
2025-03-31,5343700000,118400000,2025-05-01,2.21,2.32,49600000,28000000,20400000,2.3870967741935485,7600000
2025-06-30,5899600000,174500000,2025-07-31,3.39,3.36,49500000,107800000,21800000,3.525252525252525,86000000
2025-09-30,6187100000,187500000,2025-10-30,3.92,3.8,49500000,-82700000,13200000,3.787878787878788,-95900000
