fiscalDateEnding,totalRevenue,netIncome,reportedDate,reportedEPS,estimatedEPS,commonStockSharesOutstanding,operatingCashflow,capitalExpenditures,eps_computed_simple,freeCashFlow
2005-09-30,188745000,24475000,2005-10-25,0.31,0.31,162332626,52312000,27147000,0.150770677485375,25165000
2005-12-31,188445000,18702000,2006-02-13,0.26,0.27,160617856,50016000,36064000,0.11643786354613027,13952000
2006-03-31,190169000,15723000,2006-04-24,0.24,0.24,160617856,37856000,19966000,0.0978907351371942,17890000
2006-06-30,206970000,19200000,2006-07-26,0.25,0.25,158237631,58140000,29072000,0.12133649801670754,29068000
2006-09-30,216547000,21873000,2006-10-23,0.29,0.31,157265406,56344000,24765000,0.1390833531437931,31579000
2006-12-31,210668000,20627000,2007-02-12,0.29,0.27,158811966,51894000,22716000,0.12988316006364406,29178000
2007-03-31,218951000,22380000,2007-04-23,0.3,0.27,158811966,60914000,36147000,0.14092137112640493,24767000
2007-06-30,241084000,25266000,2007-07-23,0.33,0.32,158906443,46364000,28362000,0.1589992169165853,18002000
2007-09-30,250775000,28682000,2007-10-22,0.38,0.35,157204784,62787000,31597000,0.18244991831800741,31190000
2007-12-31,247730000,22754000,2008-02-11,0.31,0.31,153274394,49004000,28128000,0.14845271546139663,20876000
2008-03-31,250300000,22455000,2008-04-21,0.31,0.31,153274394,64593000,24108000,0.14650196561860163,40485000
2008-06-30,267033000,25571000,2008-07-22,0.36,0.36,152646401,65334000,24215000,0.1675178702706525,41119000
2008-09-30,272702000,28273000,2008-10-21,0.38,0.38,154197011,64734000,31213000,0.18335634275037926,33521000
2008-12-31,259568000,27931000,2009-02-09,0.29,0.28,181707617,75748000,33960000,0.15371397446701424,41788000
2009-03-31,262675000,21978000,2009-04-21,0.27,0.27,181707617,70549000,29412000,0.1209525520330829,41137000
2009-06-30,302830000,30438000,2009-07-21,0.34,0.32,181875037,80499000,23281000,0.16735666698448562,57218000
2009-09-30,315990000,34150000,2009-10-26,0.41,0.38,179605386,91299000,31596000,0.19013906409243206,59703000
2009-12-31,309897000,23259000,2010-02-08,0.34,0.34,177021153,61392000,43962000,0.13139107731379424,17430000
2010-03-31,307540000,27574000,2010-04-20,0.34,0.32,177021153,80166000,26754000,0.15576669529431886,53412000
2010-06-30,330477000,30400000,2010-07-20,0.44,0.42,176224126,59958000,23741000,0.17250759410774436,36217000
2010-09-30,345785000,40986000,2010-10-19,0.49,0.47,175168280,102174000,35626000,0.233980718426875,66548000
2010-12-31,335955000,36145000,2011-02-08,0.44,0.42,171601956,86098000,48708000,0.2106327972159012,37390000
2011-03-31,331468000,36539000,2011-04-25,0.44,0.42,171601956,88378000,19528000,0.2129288083406229,68850000
2011-06-30,390184000,44413000,2011-07-19,0.54,0.52,171463065,101598000,27034000,0.25902371452417466,74564000
2011-09-30,403962000,46329000,2011-10-18,0.58,0.56,169789326,107748000,37489000,0.2728616756509181,70259000
2011-12-31,379752000,37958000,2012-02-07,0.49,0.48,173814691,90446000,57873000,0.21838200086320667,32573000
2012-03-31,376430000,31303000,2012-04-25,0.44,0.44,173814691,100581000,27953000,0.18009409802995305,72628000
2012-06-30,410731000,42415000,2012-07-23,0.5,0.5,186041425,104359000,39492000,0.2279868583031978,64867000
2012-09-30,425654000,49385000,2012-10-22,0.55,0.52,185498383,121799000,43550000,0.26622873580520645,78249000
2012-12-31,448803000,35989000,2013-02-20,0.51,0.53,185531436,89588000,42522000,0.19397790895123562,47066000
2013-03-31,449892000,41556000,2013-04-24,0.51,0.46,185857393,132958000,36905000,0.22359078285360431,96053000
2013-06-30,489381000,43967000,2013-07-23,0.65,0.61,186120634,122565000,50636000,0.23622850973095225,71929000
2013-09-30,503646000,60706000,2013-10-22,0.71,0.7,186419499,129881000,53331000,0.32564190079708344,76550000
2013-12-31,485877000,49426000,2014-02-10,0.61,0.59,187071145,98657000,69002000,0.26420964066906205,29655000
2014-03-31,481710000,49015000,2014-04-21,0.61,0.57,187071145,144957000,35592000,0.2620126155746788,109365000
2014-06-30,524693000,62664000,2014-07-21,0.73,0.72,187272526,134724000,48087000,0.334613951861791,86637000
2014-09-30,546551000,60084000,2014-10-21,0.78,0.75,187154971,134945000,65164000,0.32103876097418754,69781000
2014-12-31,526213000,60762000,2015-02-09,0.71,0.68,187220458,130594000,92434000,0.3245478653833867,38160000
2015-03-31,506100000,51824000,2015-04-27,0.64,0.64,186551502,162571000,41706000,0.27779996110671895,120865000
2015-06-30,531312000,57360000,2015-07-27,0.69,0.69,186528093,156646000,60464000,0.3075140000493116,96182000
2015-09-30,547938000,-257009000,2015-10-26,0.75,0.73,185466301,144107000,66209000,-1.3857450038861776,77898000
2015-12-31,531937000,52061000,2016-02-08,0.68,0.66,184712254,113675000,70454000,0.28184919447737344,43221000
2016-03-31,514679999,44842000,2016-04-27,0.62,0.63,185175876,164716000,56575000,0.2421589732347209,108141000
2016-06-30,727639000,27489000,2016-08-03,0.44,0.35,210880732,94930000,55512000,0.1303533032121683,39418000
2016-09-30,1084922000,88617000,2016-10-26,0.48,0.48,263650138,279185000,92847000,0.33611588703207884,186338000
2016-12-31,1048622000,85592000,2017-02-21,0.45,0.43,263894715,256481000,139789000,0.3243414708020962,116692000
2017-03-31,1091266000,14874000,2017-04-26,0.49,0.46,263903223,287477000,91205000,0.05636157008965366,196272000
2017-06-30,1175569000,123656000,2017-07-25,0.55,0.53,264109594,264429000,111412000,0.4681995762713565,153017000
2017-09-30,1206478000,123227000,2017-10-25,0.6,0.57,264299472,336469000,114768000,0.46624005363128385,221701000
2017-12-31,1157175000,315085000,2018-02-14,0.52,0.49,264610894,298885000,161902000,1.1907484050902304,136983000
2018-03-31,1140131000,124869000,2018-05-02,0.56,0.55,264588069,307247000,91216000,0.47193737976144345,216031000
2018-06-30,1239968000,138682000,2018-07-24,0.65,0.62,264332029,357684000,110496000,0.5246507603511037,247188000
2018-09-30,1281110000,150843000,2018-10-29,0.69,0.67,264394757,372861000,171800000,0.5705219033522666,201061000
2018-12-31,1261732000,132478000,2019-02-13,0.63,0.6,264453655,373443000,172633000,0.5009497788941507,200810000
2019-03-31,1244637000,125622000,2019-04-24,0.62,0.6,264336930,363772000,114238000,0.4752343911991412,249534000
2019-06-30,1369639000,148848000,2019-07-29,0.69,0.69,264494943,389276000,139552000,0.5627631224692262,249724000
2019-09-30,1412444000,159109000,2019-10-28,0.73,0.71,264587456,432382000,211419000,0.6013474803582525,220963000
2019-12-31,1361960000,133262000,2020-02-12,0.69,0.62,264636883,355117000,200880000,0.503565483727376,154237000
2020-03-31,1352404000,143035000,2020-05-07,0.65,0.63,264353158,369586000,137781000,0.5410754351570863,231805000
2020-06-30,1305782000,-227072000,2020-08-07,0.6,0.56,262994275,383599000,147380000,-0.8634104297517503,236219000
2020-09-30,1389552000,158049000,2020-10-28,0.72,0.66,263507486,432388000,202342000,0.5997894116753859,230046000
2020-12-31,1398251000,130664999,2021-02-17,0.68,0.63,263598602,222948000,177058000,0.4956968588171799,45890000
2021-03-31,1395942000,160309000,2021-04-28,0.7,0.67,263156655,400396000,96793000,0.609177069833176,303603000
2021-06-30,1533931000,177047000,2021-08-04,0.81,0.78,261418573,448082000,174599000,0.6772548636014474,273483000
2021-09-30,1597168000,114381000,2021-10-27,0.89,0.86,261145220,421483000,208088000,0.4379976780735255,213395000
2021-12-31,1624319000,166311000,2022-02-16,0.83,0.82,261258425,428268000,264835000,0.6365766003526968,163433000
2022-03-31,1646255000,180324000,2022-05-03,0.82,0.84,259560983,440897000,152318000,0.6947269112476739,288579000
2022-06-30,1816435000,224074000,2022-08-02,1.0,0.95,257736745,532781000,219110000,0.8693909748879618,313671000
2022-09-30,1879868000,236912000,2022-11-02,1.1,1.02,257891635,526459000,246885000,0.918649416449665,279574000
2022-12-31,1869301000,194352000,2023-02-15,0.89,0.88,257974748,522355000,294364000,0.7533760629935764,227991000
2023-03-31,1900503000,197813000,2023-04-26,0.89,0.88,257988971,442358000,175786000,0.7667498313329061,266572000
2023-06-30,2021095000,209208000,2023-08-02,1.02,1.01,258110491,574354000,218357000,0.810536600776913,355997000
2023-09-30,2064744000,229026000,2023-10-25,1.17,1.14,258229404,554164000,221411000,0.8869090678767163,332753000
2023-12-31,2035609000,126753000,2024-02-13,1.11,1.08,258303369,555941000,318446000,0.49071369254963143,237495000
2024-03-31,2072653000,230054000,2024-04-24,1.04,1.0,258482473,490309000,169951000,0.8900177924249433,320358000
2024-06-30,2248166000,275477000,2024-07-24,1.24,1.17,258565246,611378000,217219000,1.06540613737393,394159000
2024-09-30,2338488000,308046000,2024-10-23,1.35,1.29,258757000,558311000,272132000,1.1904837357057008,286179000
2024-12-31,2260283000,-196004000,2025-02-11,1.16,1.1887,258757000,568929000,396686000,-0.7574828893517856,172243000
2025-03-31,2228176000,241510000,2025-04-22,1.13,1.0777,258905000,541539000,212455000,0.9328131940286978,329084000
2025-06-30,2407055000,290276000,2025-07-22,1.29,1.25,258982647,638202000,285310000,1.1208318524908736,352892000
2025-09-30,2458378000,286271000,2025-10-22,1.44,1.38,257580321,677449000,497765000,1.1113853686050807,179684000
