fiscalDateEnding,totalRevenue,netIncome,reportedDate,reportedEPS,estimatedEPS,commonStockSharesOutstanding,operatingCashflow,capitalExpenditures,eps_computed_simple,freeCashFlow
2012-10-31,72618000,-41310000,2012-11-28,-0.39,-0.57,161103016,-9358000,801000,-0.2564197804962261,-10159000
2013-01-31,81519000,-30944000,2013-03-07,-0.16,-0.21,161916000,5940000,9095000,-0.19111144050001236,-3155000
2013-04-30,91645000,-33015000,2013-05-22,-0.15,-0.18,168074000,17310000,1895000,-0.19643133381724717,15415000
2013-07-31,107555000,-35978000,2013-08-27,-0.13,-0.18,173375000,-12916000,29732000,-0.2075155010814708,-42648000
2013-10-31,127872000,-47534000,2013-11-25,-0.12,-0.17,174385000,7076000,16757000,-0.27258078389769763,-9681000
2014-01-31,141866000,-55982000,2014-02-26,-0.13,-0.16,175194000,34793000,27341000,-0.3195429067205498,7452000
2014-04-30,159737000,-59389000,2014-05-27,-0.13,-0.15,183084000,21697000,9873000,-0.32438115837539055,11824000
2014-07-31,186780000,-69215000,2014-08-27,-0.11,-0.14,184319000,-9011000,28409000,-0.37551744529863984,-37420000
2014-10-31,215070000,-59912000,2014-11-24,-0.03,-0.1,184310000,41042000,27699000,-0.3250610384677988,13343000
2015-01-31,226273000,-59466000,2015-02-25,-0.06,-0.06,185696000,48275000,37665000,-0.3202330691021885,10610000
2015-04-30,250957000,-61558000,2015-05-26,-0.02,-0.08,187390000,94059000,30180000,-0.32850205453866266,63879000
2015-07-31,282696000,-69421000,2015-08-26,0.02,-0.06,189360000,15511000,25792000,-0.3666085762568652,-10281000
2015-10-31,305266000,-77811000,2015-11-19,-0.01,-0.04,190727000,55146000,40280000,-0.40797055477200395,14866000
2016-01-31,323427000,-81128000,2016-02-29,-0.01,-0.04,192485000,98491000,41985000,-0.42147699820765255,56506000
2016-04-30,347677000,-78503000,2016-05-31,0.05,-0.02,194529000,161466000,34478000,-0.40355422584807404,126988000
2016-07-31,373657000,-107813000,2016-08-24,-0.04,-0.02,197223000,6258000,26539000,-0.5466553089649787,-20281000
2016-10-31,413522000,-110114000,2016-12-01,0.03,-0.04,199479000,71459000,27518000,-0.5520079807899578,43941000
2017-01-31,436672000,-105565000,2017-02-27,0.07,-0.01,201530000,109472000,32278000,-0.5238177938768421,77194000
2017-04-30,479861000,-64044000,2017-06-01,0.29,0.16,203818000,180022000,30593000,-0.3142215113483598,149429000
2017-07-31,525320000,-82532000,2017-08-30,0.24,0.15,207028000,15126000,38528000,-0.39865139015012463,-23402000
2017-10-31,555389000,-85546000,2017-11-29,0.24,0.15,209188000,144031000,36356000,-0.40894315161481537,107675000
2018-01-31,582480000,-89100000,2018-02-27,0.28,0.2,210909000,126548000,47059000,-0.4224570786452925,79489000
2018-04-30,618643000,-74410000,2018-05-31,0.33,0.26,213055000,184233000,48862000,-0.34925254042383425,135371000
2018-07-31,671720000,-86156000,2018-09-04,0.31,0.26,215932000,57616000,54346000,-0.3989959802159939,3270000
2018-10-31,743189000,-153331000,2018-11-29,0.31,0.14,217694000,114296000,55427000,-0.7043418743741214,58869000
2019-01-31,788628000,-104361000,2019-02-28,0.41,0.32,220351000,250513000,54322000,-0.47361255451529605,196191000
2019-04-30,825055000,-116275000,2019-05-28,0.43,0.41,223309000,209163000,65535000,-0.5206910603692642,143628000
2019-07-31,887752000,-120712000,2019-08-29,0.44,0.35,226392000,100319000,75576000,-0.5331990529700696,24743000
2019-10-31,938100000,-115729000,2019-12-03,0.53,0.37,228461000,258002000,55163000,-0.5065591063682642,202839000
2020-01-31,976299000,-127958000,2020-02-27,0.5,0.4,230491000,297114000,48270000,-0.5551539973361216,248844000
2020-04-30,1018385000,-158368000,2020-05-27,0.44,0.48,232939000,263683000,59940000,-0.6798689785737897,203743000
2020-07-31,1061967000,-28016000,2020-08-27,0.84,0.66,236002000,157210000,66555000,-0.11871085838255609,90655000
2020-10-31,1105960000,-24340000,2020-11-19,0.86,0.67,238059000,293802000,78197000,-0.10224356147005574,215605000
2021-01-31,1131684000,-71707000,2021-02-25,0.73,0.55,240992000,553746000,51638000,-0.2975492962421989,502108000
2021-04-30,1175033000,-46522000,2021-05-26,0.87,0.73,243739000,452428000,69796000,-0.19086810071428864,382632000
2021-07-31,1260361000,105736000,2021-08-26,1.23,0.78,260016000,198473000,87781000,0.40665189834471727,110692000
2021-10-31,1327263000,43412000,2021-11-18,1.1,0.86,254760000,384654000,33335000,0.17040351703564138,351319000
2022-01-31,1376141000,-73253000,2022-02-28,0.78,0.71,254377000,615149000,81362000,-0.2879702174331799,533787000
2022-04-30,1434657000,-102173000,2022-05-26,0.83,0.86,251743000,439717000,58750000,-0.4058623278502282,380967000
2022-07-31,1535798000,-64158000,2022-08-25,0.83,0.8,254355000,114358000,168598000,-0.2522380137996108,-54240000
2022-10-31,1599103000,-74721000,2022-11-29,0.99,0.84,255753000,408668000,59365000,-0.2921607957677916,349303000
2023-01-31,1646260000,-125697000,2023-02-27,0.99,0.91,257322000,694452000,73539000,-0.4884813579872689,620913000
2023-04-30,1667986000,136000,2023-05-25,1.31,1.12,261371000,277316000,68276000,0.0005203331662655765,209040000
2023-07-31,1787000000,79000000,2023-08-24,1.43,1.26,264435000,425264000,63753000,0.29875016544708527,361511000
2023-10-31,1866000000,114000000,2023-11-28,1.53,1.41,266377000,450775000,59224000,0.4279648768474756,391551000
2024-01-31,1922247000,1188495000,2024-02-26,1.57,1.47,268843000,995645000,46747000,4.420777182221594,948898000
2024-04-30,1990000000,107000000,2024-05-23,1.74,1.58,270298000,372000000,81000000,0.39585938482711674,291000000
2024-07-31,2085000000,132000000,2024-08-22,1.75,1.65,267949000,571000000,55000000,0.49263106038835747,516000000
2024-10-31,2160000000,193000000,2024-11-26,1.89,1.76,268549000,406000000,49000000,0.7186770384548071,357000000
2025-01-31,2211000000,94000000,2025-02-25,1.92,1.78,270007000,1112000000,86000000,0.348139122319051,1026000000
2025-04-30,2240000000,68000000,2025-05-22,2.23,2.01,270296000,457000000,36000000,0.2515760499600438,421000000
2025-07-31,2348000000,228000000,2025-08-21,2.21,2.12,270180000,616000000,28000000,0.8438818565400844,588000000
2025-10-31,2432000000,252000000,2025-11-25,2.32,2.17,269700000,588000000,38000000,0.9343715239154616,550000000
