fiscalDateEnding,totalRevenue,netIncome,reportedDate,reportedEPS,estimatedEPS,commonStockSharesOutstanding,operatingCashflow,capitalExpenditures,eps_computed_simple,freeCashFlow
2005-09-30,1076816000,47886000,2005-10-27,110.7568,,155894000,117527000,129204000,0.30717025671289466,-11677000
2005-12-31,1461410000,243750000,2006-02-03,494.2736,,358326000,245420000,206320000,0.6802464794628356,39100000
2006-03-31,1536011000,203317000,2006-04-24,409.182,,358326000,203217000,215634000,0.5674078911382372,-12417000
2006-06-30,1538576000,186847000,2006-07-20,375.9233,,358433000,306507000,240450000,0.5212884974318771,66057000
2006-09-30,1696753000,234203000,2006-10-23,476.4671,,354471000,204361000,293035000,0.6607113134783945,-88674000
2006-12-31,1807588000,272002000,2007-01-30,562.4912,,346308000,372934000,353166000,0.7854337757141042,19768000
2007-03-31,1852285000,281572000,2007-04-25,586.3381,,346308000,155587000,368900000,0.8130681358790441,-213313000
2007-06-30,1815945000,165310000,2007-07-23,342.7437,,347817000,110599000,317685000,0.4752786666551664,-207086000
2007-09-30,1971991000,292713000,2007-10-22,606.1422,,348248000,255252000,428568000,0.8405303117318692,-173316000
2007-12-31,2191841000,331011000,2008-01-25,684.6407,,348543000,351068000,542923000,0.949699176285279,-191855000
2008-03-31,2195892000,264201000,2008-04-21,546.6373,,697086000,149369000,591426000,0.37900775514068563,-442057000
2008-06-30,2229250000,370984000,2008-07-21,762.2797,,701927000,231848000,559540000,0.5285221967526538,-327692000
2008-09-30,2540796000,370600000,2008-10-20,762.1889,,701284000,203139000,685224000,0.5284592262193348,-482085000
2008-12-31,2634626000,348118000,2009-01-26,725.1232,,702636000,520212000,672052000,0.49544572154002925,-151840000
2009-03-31,2256141000,164802000,2009-04-20,338.2854,,702636000,167732000,594815000,0.23454818711253053,-427083000
2009-06-30,1994832000,41981000,2009-07-20,85.3504,,709412000,132181000,392025000,0.05917717771901237,-259844000
2009-09-30,2149879000,77374000,2009-10-19,151.8079,,735109000,-20211000,308396000,0.10525513903380315,-328607000
2009-12-31,2426081000,-30391000,2010-01-26,-59.4694,,737865000,334620000,308451000,-0.041187751146890016,26169000
2010-03-31,2338248000,-68357000,2010-04-20,-78.2045,,737865000,4956000,237734000,-0.09264160788220067,-232778000
2010-06-30,2438271000,-47890000,2010-07-20,-51.5506,,743209000,403774000,224868000,-0.06443678696033013,178906000
2010-09-30,2534157000,94653000,2010-10-19,278.0289,,751394000,328271000,277463000,0.12596986401275495,50808000
2010-12-31,2910121000,-186198000,2011-01-25,-103.9459,,757617000,390437000,260456000,-0.2457679803911475,129981000
2011-03-31,2856186000,30000000,2011-04-21,112.7017,,757617000,-172987000,359112000,0.03959784429335667,-532099000
2011-06-30,3051814000,51000000,2011-07-26,209.5139,,757910000,263884000,388093000,0.06729031151455978,-124209000
2011-09-30,3372650000,121000000,2011-10-25,361.2801,,759946000,147342000,380725000,0.159221839446487,-233383000
2011-12-31,3709772000,-97659000,2012-02-21,-185.3317,,762789000,594761000,404070000,-0.12802885201543285,190691000
2012-03-31,3599000000,123000000,2012-04-24,231.5941,,766000000,136000000,517000000,0.16057441253263707,-381000000
2012-09-30,3818000000,70000000,2012-12-17,-1600.6537,,771000000,231000000,582000000,0.0907911802853437,-351000000
2012-12-31,4058000000,-122000000,2013-02-27,-230.7656,,768000000,705000000,508000000,-0.15885416666666666,197000000
2013-03-31,3837000000,22000000,2013-05-03,41.0482,,773000000,-11000000,401000000,0.028460543337645538,-412000000
2013-06-30,3868000000,-118000000,2013-07-31,-221.0255,,770000000,252000000,448000000,-0.15324675324675324,-196000000
2013-09-30,3820000000,22000000,2013-11-05,40.7321,,779000000,326000000,369000000,0.028241335044929396,-43000000
2013-12-31,3738000000,-271000000,2014-02-26,-504.9861,,776000000,662000000,366000000,-0.3492268041237113,296000000
2014-03-31,3596000000,-41000000,2014-04-25,-76.2032,,776000000,-406000000,288000000,-0.05283505154639175,-694000000
2014-06-30,3711000000,-145000000,2014-07-24,-269.1523,,777000000,435000000,377000000,-0.1866151866151866,58000000
2014-09-30,3877000000,77000000,2014-10-23,141.653,,784000000,350000000,383000000,0.09821428571428571,-33000000
2014-12-31,3727000000,-475000000,2015-02-05,-881.7059,,777000000,584000000,407000000,-0.6113256113256114,177000000
2015-03-31,2794000000,-118000000,2015-04-23,-218.7528,,778000000,-42000000,224000000,-0.15167095115681234,-266000000
2015-06-30,2390000000,-489000000,2015-07-23,-906.5263,,778000000,291000000,190000000,-0.62853470437018,101000000
2015-09-30,2237000000,-170000000,2015-10-22,-314.7477,,779000000,134000000,135000000,-0.21822849807445444,-1000000
2015-12-31,2012000000,-1208000000,2016-02-04,-2227.9801,,782000000,323000000,141000000,-1.5447570332480818,182000000
2016-03-31,1585000000,-498000000,2016-05-05,-883.4662,,813000000,-205000000,50000000,-0.6125461254612546,-255000000
2016-06-30,1402000000,-565000000,2016-07-28,-906.4417,,899000000,-139000000,32000000,-0.628476084538376,-171000000
2016-09-30,1356000000,-1780000000,2016-10-26,-2855.6925,,899000000,-106000000,64000000,-1.9799777530589544,-170000000
2016-12-31,1406000000,-549000000,2017-02-02,-845.0529,,937000000,136000000,68000000,-0.5859124866595518,68000000
2017-03-31,1386000000,-448000000,2017-04-28,-653.9917,,988000000,-179000000,42000000,-0.4534412955465587,-221000000
2017-06-30,1363000000,-171000000,2017-07-28,-249.122,,990000000,-62000000,49000000,-0.17272727272727273,-111000000
2017-09-30,1460000000,-256000000,2017-11-01,-372.9545,,990000000,-243000000,69000000,-0.2585858585858586,-312000000
2017-12-31,1490000000,-1938000000,2018-02-02,-2814.8526,,993000000,96000000,80000000,-1.9516616314199395,16000000
2018-03-31,1423000000,-245000000,2018-04-24,-355.4928,,994000000,-185000000,41000000,-0.24647887323943662,-226000000
2018-06-30,1448000000,-264000000,2018-07-27,-381.909,,997000000,-130000000,52000000,-0.26479438314944836,-182000000
2018-09-30,1444000000,-199000000,2018-10-29,-287.5899,,998000000,-32000000,59000000,-0.19939879759519039,-91000000
2018-12-31,1429000000,-2103000000,2019-02-01,-3030.0956,,1001000000,105000000,62000000,-2.1008991008991007,43000000
2019-03-31,1346000000,-481000000,2019-05-10,-691.6642,,1003000000,-249000000,64000000,-0.4795613160518445,-313000000
2019-06-30,1309000000,-316000000,2019-07-29,-453.9463,,1004000000,-229000000,59000000,-0.3147410358565737,-288000000
2019-09-30,1314000000,-821000000,2019-10-28,-1179.3985,,1004000000,-201000000,66000000,-0.8177290836653387,-267000000
2019-12-31,985000000,5279000000,2020-03-16,75.0429,,70000000,-68000000,61000000,75.41428571428571,-129000000
2020-03-31,1215000000,-966000000,2020-05-11,-1.73,-2.91,70000000,30000000,40000000,-13.8,-10000000
2020-06-30,821000000,-581000000,2020-08-05,-1.71,-1.42,70000000,31000000,35000000,-8.3,-4000000
2020-09-30,807000000,-174000000,2020-11-03,-2.03,-1.28,70000000,127000000,27000000,-2.4857142857142858,100000000
2020-12-31,842000000,-200000000,2021-02-17,-1.63,-1.19,70000000,22000000,54000000,-2.857142857142857,-32000000
2021-03-31,832000000,-116000000,2021-05-06,-1.6571,,70000000,74000000,15000000,-1.6571428571428573,59000000
2021-06-30,903000000,-78000000,2021-07-28,-1.23,-1.55,70000000,46000000,9000000,-1.1142857142857143,37000000
2021-09-30,945000000,-95000000,2021-11-01,-1.36,-1.15,70000000,114000000,20000000,-1.3571428571428572,94000000
2021-12-31,965000000,-161000000,2022-02-17,-2.3,,70000000,88000000,41000000,-2.3,47000000
2022-03-31,938000000,-80000000,2022-04-27,-0.59,-0.52,70000000,-64000000,20000000,-1.1428571428571428,-84000000
2022-06-30,1064000000,6000000,2022-07-27,-0.11,-0.06,73000000,60000000,24000000,0.0821917808219178,36000000
2022-09-30,1120000000,28000000,2022-10-25,0.4,0.19,72000000,160000000,39000000,0.3888888888888889,121000000
2022-12-31,1209000000,72000000,2023-02-07,0.99,0.66,73000000,193000000,49000000,0.9863013698630136,144000000
2023-03-31,1186000000,72000000,2023-04-25,0.97,0.78,73500000,84000000,64000000,0.9795918367346939,20000000
2023-06-30,1274000000,82000000,2023-07-25,1.14,1.11,73000000,201000000,36000000,1.1232876712328768,165000000
2023-09-30,1313000000,123000000,2023-10-24,1.66,1.18,74000000,172000000,42000000,1.662162162162162,130000000
2023-12-31,1362000000,140000000,2024-02-06,1.92,1.34,74000000,375000000,67000000,1.8918918918918919,308000000
2024-03-31,1358000000,112000000,2024-04-23,1.5,1.51,74700000,131000000,59000000,1.499330655957162,72000000
2024-06-30,1405000000,125000000,2024-07-23,1.75,1.75,75300000,150000000,62000000,1.6600265604249669,88000000
2024-09-30,1409000000,157000000,2024-10-22,2.06,1.75,75200000,262000000,78000000,2.0877659574468086,184000000
2024-12-31,1341000000,112000000,2025-02-06,1.5,1.4704,74900000,249000000,100000000,1.4953271028037383,149000000
2025-03-31,1193000000,76000000,2025-04-22,1.03,1.01,73400000,142000000,77000000,1.0354223433242506,65000000
2025-06-30,1204000000,136000000,2025-07-22,1.15,0.95,72400000,128000000,54000000,1.8784530386740332,74000000
2025-09-30,1232000000,81000000,2025-10-21,1.12,1.19,72200000,138000000,44000000,1.1218836565096952,94000000
