fiscalDateEnding,totalRevenue,netIncome,reportedDate,reportedEPS,estimatedEPS,commonStockSharesOutstanding,operatingCashflow,capitalExpenditures,eps_computed_simple,freeCashFlow
2005-09-30,3375000000,215000000,2005-10-27,0.45,0.43,565789474,623000000,272000000,0.379999999787907,351000000
2005-12-31,3372000000,290000000,2006-02-14,0.46,0.4,547058824,665000000,415000000,0.5301075264257139,250000000
2006-03-31,3229000000,186000000,2006-04-27,0.35,0.3,547058824,563000000,171000000,0.33999999970752687,392000000
2006-06-30,3410000000,417000000,2006-07-28,0.45,0.43,548684211,557000000,296000000,0.7599999993438848,261000000
2006-09-30,3441000000,300000000,2006-10-25,0.55,0.48,545454545,745000000,357000000,0.5500000004583333,388000000
2006-12-31,3283000000,246000000,2007-02-08,0.47,0.46,528571429,675000000,505000000,0.46540540502804967,170000000
2007-03-31,3188000000,222000000,2007-04-27,0.43,0.36,528571429,538000000,272000000,0.41999999965945944,266000000
2007-06-30,3358000000,338000000,2007-07-31,0.56,0.52,528125000,537000000,209000000,0.64,328000000
2007-09-30,3403000000,278000000,2007-10-26,0.54,0.59,520100000,771000000,240000000,0.5345125937319746,531000000
2007-12-31,3361000000,309000000,2008-02-13,0.54,0.51,498300000,593000000,490000000,0.6201083684527393,103000000
2008-03-31,3266000000,241000000,2008-04-29,0.47,0.46,498300000,561000000,213000000,0.4836443909291591,348000000
2008-06-30,3489000000,318000000,2008-07-29,0.63,0.59,494600000,570000000,273000000,0.6429437929640113,297000000
2008-09-30,3525000000,310000000,2008-10-30,0.63,0.62,494100000,771000000,301000000,0.6274033596437968,470000000
2008-12-31,3108000000,218000000,2009-02-12,0.49,0.48,493000000,673000000,434000000,0.4421906693711968,239000000
2009-03-31,2810000000,155000000,2009-04-29,0.42,0.41,493000000,519000000,325000000,0.3144016227180527,194000000
2009-06-30,2952000000,247000000,2009-07-30,0.52,0.54,493700000,548000000,258000000,0.5003038282357707,290000000
2009-09-30,3023000000,277000000,2009-10-29,0.54,0.53,494600000,575000000,240000000,0.5600485240598463,335000000
2009-12-31,3006000000,315000000,2010-02-16,0.52,0.48,488100000,720000000,356000000,0.645359557467732,364000000
2010-03-31,2935000000,182000000,2010-04-29,0.41,0.43,488100000,496000000,255000000,0.37287441098135626,241000000
2010-06-30,3158000000,246000000,2010-07-29,0.54,0.54,485800000,480000000,220000000,0.5063812268423219,260000000
2010-09-30,3235000000,244000000,2010-10-28,0.55,0.58,481000000,677000000,262000000,0.5072765072765073,415000000
2010-12-31,3187000000,281000000,2011-02-17,0.6,0.54,477600000,622000000,367000000,0.588358458961474,255000000
2011-03-31,3103000000,186000000,2011-04-28,0.39,0.41,477600000,600000000,316000000,0.38944723618090454,284000000
2011-06-30,3347000000,237000000,2011-07-28,0.5,0.55,476000000,478000000,280000000,0.49789915966386555,198000000
2011-09-30,3522000000,272000000,2011-10-27,0.63,0.61,469700000,659000000,313000000,0.5790930381094316,346000000
2011-12-31,3406000000,266000000,2012-02-16,0.6,0.6,463400000,732000000,415000000,0.5740181268882175,317000000
2012-03-31,3295000000,171000000,2012-04-26,0.38,0.4,463400000,475000000,379000000,0.3690116529995684,96000000
2012-06-30,3459000000,208000000,2012-07-26,0.52,0.52,464000000,669000000,351000000,0.4482758620689655,318000000
2012-09-30,3461000000,214000000,2012-10-31,0.61,0.6,464900000,574000000,402000000,0.4603140460314046,172000000
2012-12-31,3434000000,224000000,2013-02-14,0.57,0.6,466500000,577000000,378000000,0.48017148981779206,199000000
2013-03-31,3336000000,168000000,2013-04-24,0.4,0.41,466500000,577000000,266000000,0.36012861736334406,311000000
2013-06-30,3526000000,244000000,2013-07-30,0.54,0.55,469400000,545000000,235000000,0.5198125266297401,310000000
2013-09-30,3621000000,291000000,2013-10-29,0.65,0.62,471200000,736000000,323000000,0.6175721561969439,413000000
2013-12-31,3500000000,-605000000,2014-02-18,0.56,0.61,466900000,597000000,447000000,-1.2957806810880275,150000000
2014-03-31,3396000000,228000000,2014-04-24,0.49,0.44,466900000,584000000,266000000,0.4883272649389591,318000000
2014-06-30,3561000000,210000000,2014-07-29,0.6,0.59,468000000,555000000,208000000,0.44871794871794873,347000000
2014-09-30,3602000000,270000000,2014-10-29,0.72,0.68,463600000,672000000,307000000,0.5823986194995686,365000000
2014-12-31,3437000000,590000000,2015-02-17,0.67,0.6,461900000,520000000,370000000,1.2773327560077938,150000000
2015-03-31,3040000000,-129000000,2015-04-29,0.49,0.48,458500000,499000000,233000000,-0.2813522355507088,266000000
2015-06-30,3315000000,274000000,2015-07-23,0.67,0.63,458000000,816000000,296000000,0.5982532751091703,520000000
2015-09-30,3360000000,335000000,2015-10-27,0.75,0.71,452700000,657000000,335000000,0.7400044179368235,322000000
2015-12-31,3246000000,273000000,2016-02-18,0.71,0.68,450600000,526000000,369000000,0.6058588548601864,157000000
2016-03-31,3176000000,258000000,2016-04-28,0.58,0.55,448600000,732000000,317000000,0.5751226036558181,415000000
2016-06-30,3425000000,287000000,2016-07-27,0.74,0.71,446700000,748000000,312000000,0.6424893664651892,436000000
2016-09-30,3548000000,302000000,2016-10-26,0.84,0.8,445700000,753000000,333000000,0.6775858200583352,420000000
2016-12-31,3460000000,335000000,2017-02-16,0.76,0.77,444200000,753000000,377000000,0.7541647906348492,376000000
2017-03-31,3440000000,298000000,2017-04-26,0.66,0.66,444100000,721000000,332000000,0.6710200405314118,389000000
2017-06-30,3677000000,362000000,2017-07-26,0.82,0.81,444400000,813000000,299000000,0.8145814581458146,514000000
2017-09-30,3716000000,386000000,2017-10-26,0.89,0.88,440800000,856000000,350000000,0.8756805807622504,506000000
2017-12-31,3652000000,903000000,2018-02-15,0.85,0.83,437700000,790000000,528000000,2.0630568882796436,262000000
2018-03-31,3511000000,396000000,2018-04-20,0.91,0.83,435800000,809000000,400000000,0.9086737035337311,409000000
2018-06-30,3739000000,499000000,2018-07-25,1.01,0.99,432300000,975000000,436000000,1.1542910016192458,539000000
2018-09-30,3822000000,499000000,2018-10-25,1.15,1.11,430800000,874000000,404000000,1.1583101207056639,470000000
2018-12-31,3842000000,531000000,2019-02-14,1.13,1.06,428500000,912000000,454000000,1.2392065344224037,458000000
2019-03-31,3696000000,347000000,2019-04-25,0.94,0.92,426900000,890000000,471000000,0.8128367299133287,419000000
2019-06-30,3946000000,381000000,2019-07-25,1.11,1.08,427500000,1010000000,578000000,0.8912280701754386,432000000
2019-09-30,3967000000,495000000,2019-10-23,1.19,1.14,427400000,952000000,483000000,1.158165652784277,469000000
2019-12-31,3846000000,447000000,2020-02-13,1.19,1.15,427400000,1022000000,286000000,1.0458586803930745,736000000
2020-03-31,3729000000,361000000,2020-05-06,0.93,0.92,426400000,765000000,459000000,0.8466228893058161,306000000
2020-06-30,3561000000,307000000,2020-07-30,0.88,0.81,423900000,856000000,436000000,0.7242274121255013,420000000
2020-09-30,3861000000,390000000,2020-11-02,1.09,1.02,424600000,1029000000,343000000,0.9185115402731983,686000000
2020-12-31,4067000000,438000000,2021-02-18,1.13,1.09,425100000,753000000,394000000,1.0303458009880029,359000000
2021-03-31,4112000000,421000000,2021-04-27,1.06,1.01,424300000,1120000000,270000000,0.9922224840914448,850000000
2021-06-30,4476000000,351000000,2021-07-27,1.27,1.19,423600000,1043000000,396000000,0.8286118980169972,647000000
2021-09-30,4665000000,538000000,2021-10-26,1.26,1.36,422000000,1184000000,464000000,1.2748815165876777,720000000
2021-12-31,4678000000,506000000,2022-02-02,1.26,1.26,420600000,991000000,774000000,1.2030432715168806,217000000
2022-03-31,4661000000,513000000,2022-04-26,1.29,1.14,417800000,1258000000,418000000,1.2278602202010531,840000000
2022-06-30,5027000000,587000000,2022-07-27,1.44,1.4,416400000,1047000000,550000000,1.409702209414025,497000000
2022-09-30,5075000000,639000000,2022-10-26,1.56,1.51,414300000,1182000000,757000000,1.5423606082548877,425000000
2022-12-31,4935000000,499000000,2023-01-31,1.3,1.41,411500000,1049000000,862000000,1.212636695018226,187000000
2023-03-31,4892000000,533000000,2023-04-26,1.31,1.29,409000000,1044000000,660000000,1.3031784841075795,384000000
2023-06-30,5119000000,615000000,2023-07-25,1.51,1.54,407700000,1030000000,520000000,1.5084621044885946,510000000
2023-09-30,5198000000,663000000,2023-10-24,1.63,1.61,405900000,1263000000,673000000,1.6334072431633406,590000000
2023-12-31,5217000000,493000000,2024-02-12,1.74,1.53,404200000,1382000000,1042000000,1.2196932211776348,340000000
2024-03-31,5159000000,708000000,2024-04-24,1.75,1.51,403500000,1367000000,668000000,1.754646840148699,699000000
2024-06-30,5402000000,680000000,2024-07-24,1.82,1.83,403200000,1154000000,667000000,1.6865079365079365,487000000
2024-09-30,5609000000,760000000,2024-10-28,1.96,1.88,403200000,1358000000,781000000,1.8849206349206349,577000000
2024-12-31,5893000000,598000000,2025-01-29,1.7,1.8,403600000,1511000000,1115000000,1.481665014866204,396000000
2025-03-31,6018000000,637000000,2025-04-28,1.67,1.59,403900000,1208000000,831000000,1.5771230502599654,377000000
2025-06-30,6430000000,726000000,2025-07-28,1.92,1.89,404300000,1545000000,732000000,1.7956962651496413,813000000
2025-09-30,6443000000,603000000,2025-10-28,1.98,2.03,404300000,1592000000,776000000,1.491466732624289,816000000
