fiscalDateEnding,totalRevenue,netIncome,reportedDate,reportedEPS,estimatedEPS,commonStockSharesOutstanding,operatingCashflow,capitalExpenditures,eps_computed_simple,freeCashFlow
2004-12-31,1131113850.9,92855288.18,2005-02-25,1.75,1.63,243972159,1022953000.0,183170000.0,0.3805978869088911,839783000.0
2005-06-30,1233718449.0,67698519.0,2005-08-26,1.29,1.26,243467841,,125869000.0,0.2780593885498003,
2005-09-30,1368650923.0,125366266.0,2005-10-10,1.3,1.38,283284251,,,0.44254583711397355,
2005-12-31,1502878696.08,101215231.32,2006-02-24,1.89,1.76,244960000,1439495000.0,275867000.0,0.4131908528739386,1163628000.0
2006-06-30,1433850459.0,79112555.0,2006-08-18,1.57,1.56,252440000,,123150000.0,0.31339151877673904,
2006-12-31,1538750049.61,130593163.16,2007-02-23,2.36,2.24,237900000,1295418000.0,328653000.0,0.5489414172341319,966765000.0
2009-03-31,2498390097.56,-350720577.45,2009-05-11,0.15,2.24,234880000,,,-1.493190469388624,
2010-12-31,4458195000.0,676570000.0,2011-03-31,0.1455,0.0,185998624,2095159000.0,293218000.0,3.6375000279571963,1801941000.0
2011-03-31,7660555702.86,-89613343.14,2011-06-30,0.1455,0.0,234880000,,,-0.38152819797343324,
2011-06-30,4004746000.0,370666000.0,2011-09-30,0.3631,0.0,234880000,,149262000.0,1.578107970027248,
2011-12-31,4369088000.0,934597000.0,2012-03-31,0.1725,0.0,234880000,1033521000.0,335755000.0,3.9790403610354224,697766000.0
2012-03-31,9331000000.0,0.0,2012-06-30,0.1692,0.0,234880000,,,0.0,
2012-06-30,3974841000.0,435757000.0,2012-09-30,0.3313,0.0,234880000,,152468000.0,1.8552324591280653,
2012-12-31,4821356000.0,902118000.0,2013-03-31,0.1632,0.0,234880000,1477077000.0,472086000.0,3.8407612397820166,1004991000.0
2013-03-31,10373100000.0,,2013-06-30,0.1634,0.0,234880000,,,,
2013-06-30,5326700000.0,280900000.0,2013-09-30,0.3889,0.0,272940000,175200000.0,128400000.0,1.0291639188099948,46800000.0
2013-12-31,5692700000.0,655600000.0,2014-03-31,0.225,0.0,199983288,1199000000.0,112300000.0,3.2782739325698054,1086700000.0
2014-06-30,5468700000.0,364800000.0,2014-09-30,0.4358,0.0,269840000,-17300000.0,80100000.0,1.3519122442929143,-97400000.0
2014-12-31,6060200000.0,712400000.0,2015-03-09,0.3194,0.57,234880000,1721000000.0,97800000.0,3.0330381471389645,1623200000.0
2015-03-31,11528900000.0,,2015-06-30,0.3381,0.0,234880000,,,,
2015-06-30,5839400000.0,566200000.0,2015-08-26,0.3436,0.33,263420000,-180700000.0,73100000.0,2.1494191784982157,-253800000.0
2015-12-31,6395800000.0,594000000.0,2016-03-04,0.1361,0.62,241107420,1540600000.0,137200000.0,2.4636321851894896,1403400000.0
2016-03-31,12235200000.0,0.0,2016-06-30,0.1256,0.0,234880000,,,0.0,
2016-06-30,6536500000.0,245800000.0,2016-08-24,0.5789,0.0,260000000,66200000.0,126700000.0,0.9453846153846154,-60500000.0
2016-09-30,4550688000.0,251662000.0,2016-10-31,0.5503,0.0,234880000,853800000.0,62700000.0,1.071449250681199,791100000.0
2016-12-31,7852400000.0,1154300000.0,2017-03-03,0.2919,0.0,192095240,1707600000.0,125400000.0,6.0089984530590135,1582200000.0
2017-03-31,14388900000.0,298050000.0,2017-04-27,0.3035,0.0,196408560,42800000.0,50000000.0,1.5175000519325634,-7200000.0
2017-06-30,7650400000.0,596100000.0,2017-08-23,0.47,0.0,255940000,85600000.0,100000000.0,2.3290614987887786,-14400000.0
2017-09-30,5387513000.0,-164382000.0,2017-10-31,0.0,0.0,234880000,661250000.0,94450000.0,-0.6998552452316076,566800000.0
2017-12-31,8153800000.0,1220500000.0,2018-03-01,0.8,0.0,234880000,1322500000.0,188900000.0,5.196270435967302,1133600000.0
2018-03-31,5261727528.09,472191011.24,2018-04-30,0.3524,0.0,267985820,51193820.22,110955056.18,1.7619999865664535,-59761235.96000001
2018-06-30,7492700000.0,672400000.0,2018-09-04,2.78,2.78,251880000,72900000.0,158000000.0,2.669525170716214,-85100000.0
2018-09-30,5288704838.92,254662840.75,2018-10-25,0.0,0.0,234880000,1057062736.4,102256423.63,1.0842253097326295,954806312.77
2018-12-31,8109700000.0,390500000.0,2019-03-01,3.05,4.4,234880000,2161010461.85,478693544.27,1.662551089918256,1682316917.58
2019-03-31,56721057071.14,2326635796.87,2019-04-26,0.1359,0.0,234880000,-63200000.0,0.0,9.905636056156334,-63200000.0
2019-06-30,6368200000.0,312400000.0,2019-08-09,0.0,2.76,251460000,-126400000.0,145900000.0,1.242344706911636,-272300000.0
2019-09-30,0.0,0.0,2019-10-25,0.0,0.0,234880000,-200950000.0,0.0,0.0,-200950000.0
2019-12-31,5618100000.0,395300000.0,2020-02-27,-1.629,4.07,252644044,-200950000.0,394100000.0,1.5646519654348154,-595050000.0
2020-03-31,13234100000.0,,2020-04-29,-1.6234,0.0,251476017,-200950000.0,60650000.0,,-261600000.0
2020-06-30,5582700000.0,-3216000000.0,2020-08-27,1.03,0.0,245065815,-401900000.0,121300000.0,-13.123005344503067,-523200000.0
2020-09-30,,,2020-10-29,-0.1945,0.0,245065815,1228350000.0,48500000.0,,1179850000.0
2020-12-31,6420100000.0,250900000.0,2021-03-11,3.13,2.75,245066428,2456700000.0,97000000.0,1.0238040438570395,2359700000.0
2021-03-31,3210050000.0,-167000000.0,2021-04-28,0.1425,0.0,228800000,19600000.0,48500000.0,-0.7298951048951049,-28900000.0
2021-06-30,6132500000.0,252700000.0,2021-08-05,2.01,1.95,239922464,39200000.0,111600000.0,1.0532569388750526,-72400000.0
2021-09-30,,,2021-10-28,0.0,0.0,239922464,996800000.0,75800000.0,,921000000.0
2021-12-31,6668600000.0,385000000.0,2022-02-24,3.24,3.24,230793919,1989800000.0,151600000.0,1.6681548702329545,1838200000.0
2022-03-31,,,2022-04-27,0.0,0.0,230793919,-555400000.0,51200000.0,,-606600000.0
2022-06-30,6755300000.0,257900000.0,2022-08-05,0.0,0.0,218414613,-1132500000.0,102400000.0,1.18078180052907,-1234900000.0
2022-09-30,3836700000.0,212400000.0,2022-10-26,0.0,0.0,1095000000,916700000.0,53000000.0,0.19397260273972602,863700000.0
2022-12-31,7673400000.0,424800000.0,2023-02-23,0.0,0.0,214182009,1833400000.0,106000000.0,1.983359862872516,1727400000.0
2023-03-31,3610600000.0,56000000.0,2023-04-27,0.0,0.0,1090800000,-222050000.0,40350000.0,0.05133846718005134,-262400000.0
2023-06-30,7221000000.0,112000000.0,2023-08-04,33.1,0.0,214967539,-445000000.0,81000000.0,0.5210088952081272,-526000000.0
2023-09-30,3811800000.0,-800000.0,2023-10-26,0.0,0.0,1073000000,841150000.0,48250000.0,-0.0007455731593662628,792900000.0
2023-12-31,7623600000.0,-1600000.0,2024-02-22,10.1,0.0,214869410,1682300000.0,96500000.0,-0.007446383363737072,1585800000.0
2024-03-31,3613500000.0,102500000.0,2024-04-25,0.0,0.0,1092000000,-270000000.0,41000000.0,0.09386446886446886,-311000000.0
2024-06-30,7227000000.0,205000000.0,2024-08-07,0.0,0.0,218400000,-540000000.0,82000000.0,0.9386446886446886,-622000000.0
2024-12-31,7514000000.0,337000000.0,2025-03-28,0.31,0.0,215752517,1948000000.0,107000000.0,1.5619748250723768,1841000000.0
2025-06-30,6663000000.0,44000000.0,2025-08-07,0.04,,218600000,-1036000000.0,42000000.0,0.2012808783165599,-1078000000.0
