fiscalDateEnding,totalRevenue,netIncome,reportedDate,reportedEPS,estimatedEPS,commonStockSharesOutstanding,operatingCashflow,capitalExpenditures,eps_computed_simple,freeCashFlow
2005-09-30,232729000,13368000,2005-10-31,0.41,0.44,33062000,27140000,4699000,0.4043312564273184,22441000
2005-12-31,244407000,14960000,2006-02-07,0.46,0.42,32823000,31691000,4553000,0.45577796057642506,27138000
2006-03-31,274950000,14963000,2006-05-02,0.46,0.45,32823000,-9785000,7101000,0.45586935990007005,-16886000
2006-06-30,300175000,22446000,2006-08-01,0.57,0.51,33038000,21148000,22691000,0.6793994793873721,-1543000
2006-09-30,325137000,18187000,2006-10-31,0.67,0.56,33051000,23046000,5556000,0.5502707936219782,17490000
2006-12-31,330515000,18140000,2007-02-13,0.54,0.61,38981000,48725000,9300000,0.465354916497781,39425000
2007-03-31,346092000,19992000,2007-05-01,0.51,0.5,38981000,-13636000,6234000,0.5128652420409944,-19870000
2007-06-30,350422000,17774000,2007-07-31,0.45,0.55,39027000,12600000,8864000,0.45542829323289,3736000
2007-09-30,340487000,18094000,2007-10-30,0.57,0.57,39070000,23064000,10163000,0.46311748144356285,12901000
2007-12-31,345299000,21540000,2008-02-12,0.57,0.54,37100000,69772000,12539000,0.5805929919137466,57233000
2008-03-31,344000000,13700000,2008-04-29,0.39,0.36,37100000,15100000,8300000,0.3692722371967655,6800000
2008-06-30,389000000,19800000,2008-07-29,0.54,0.51,36800000,25600000,6400000,0.5380434782608695,19200000
2008-09-30,379300000,16700000,2008-10-28,0.48,0.45,36700000,50300000,6300000,0.4550408719346049,44000000
2008-12-31,347100000,-3600000,2009-02-10,0.43,0.42,37000000,54800000,5600000,-0.0972972972972973,49200000
2009-03-31,294900000,3400000,2009-04-28,0.23,0.27,37000000,16800000,4200000,0.0918918918918919,12600000
2009-06-30,312400000,-3600000,2009-07-28,0.39,0.28,37000000,55900000,4700000,-0.0972972972972973,51200000
2009-09-30,303800000,3400000,2009-10-27,0.47,0.37,37100000,74600000,6800000,0.09164420485175202,67800000
2009-12-31,323200000,14200000,2010-02-16,0.45,0.42,37300000,36100000,8500000,0.3806970509383378,27600000
2010-03-31,319300000,11900000,2010-05-04,0.44,0.32,37300000,2900000,6800000,0.3190348525469169,-3900000
2010-06-30,324000000,22100000,2010-08-03,0.57,0.48,37400000,28000000,5200000,0.5909090909090909,22800000
2010-09-30,314600000,17300000,2010-11-02,0.52,0.51,37500000,42000000,6400000,0.4613333333333333,35600000
2010-12-31,316700000,11300000,2011-02-24,0.4,0.47,37700000,46000000,6200000,0.29973474801061006,39800000
2011-03-31,329900000,11100000,2011-05-03,0.43,0.47,37700000,700000,6600000,0.29442970822281167,-5900000
2011-06-30,375700000,14600000,2011-08-02,0.5,0.49,37800000,20000000,5400000,0.3862433862433862,14600000
2011-09-30,370800000,23700000,2011-11-02,0.69,0.51,37500000,36000000,4700000,0.632,31300000
2011-12-31,360200000,17000000,2012-02-20,0.56,0.6,37000000,69600000,7200000,0.4594594594594595,62400000
2012-03-31,364200000,15700000,2012-05-01,0.43,0.5,37000000,3200000,4900000,0.4243243243243243,-1700000
2012-06-30,371100000,18500000,2012-07-31,0.53,0.54,36600000,20700000,4700000,0.505464480874317,16000000
2012-09-30,361200000,18700000,2012-10-30,0.63,0.58,35200000,49800000,9200000,0.53125,40600000
2012-12-31,359200000,15500000,2013-02-19,0.61,0.57,35500000,59600000,11900000,0.43661971830985913,47700000
2013-03-31,362100000,16100000,2013-04-30,0.49,0.58,35600000,-2700000,11000000,0.45224719101123595,-13700000
2013-06-30,371300000,18900000,2013-07-30,0.57,0.55,35600000,24000000,7000000,0.5308988764044944,17000000
2013-09-30,371800000,15400000,2013-10-29,0.58,0.65,35600000,45800000,4600000,0.43258426966292135,41200000
2013-12-31,376000000,8200000,2014-02-18,0.57,0.62,35600000,51100000,5100000,0.2303370786516854,46000000
2014-03-31,365200000,14100000,2014-04-29,0.55,0.59,35500000,-18700000,5000000,0.3971830985915493,-23700000
2014-06-30,396000000,21300000,2014-07-29,0.69,0.68,35400000,37100000,5600000,0.6016949152542372,31500000
2014-09-30,376000000,22600000,2014-10-28,0.7,0.69,35400000,55100000,5500000,0.6384180790960452,49600000
2014-12-31,376500000,-7700000,2015-02-17,0.59,0.65,35300000,61700000,7600000,-0.21813031161473087,54100000
2015-03-31,356200000,11600000,2015-04-29,0.45,0.42,35200000,800000,5600000,0.32954545454545453,-4800000
2015-06-30,386900000,19300000,2015-07-29,0.69,0.63,35100000,41100000,6900000,0.5498575498575499,34200000
2015-09-30,366300000,-25700000,2015-10-28,0.67,0.64,35000000,41900000,6700000,-0.7342857142857143,35200000
2015-12-31,358300000,-118200000,2016-02-16,0.59,0.53,34700000,67500000,8500000,-3.4063400576368874,59000000
2016-03-31,344200000,16200000,2016-05-04,0.57,0.49,34500000,-21900000,9200000,0.46956521739130436,-31100000
2016-06-30,371100000,28600000,2016-08-04,0.75,0.7,34500000,29700000,10000000,0.8289855072463768,19700000
2016-09-30,341100000,21900000,2016-11-02,0.71,0.69,34500000,61800000,7100000,0.6347826086956522,54700000
2016-12-31,342000000,17500000,2017-02-09,0.64,0.64,34500000,68500000,9700000,0.5072463768115942,58800000
2017-03-31,347200000,21700000,2017-05-04,0.65,0.6,34500000,-9100000,5800000,0.6289855072463768,-14900000
2017-06-30,378500000,27200000,2017-08-02,0.83,0.79,34500000,18100000,5200000,0.7884057971014493,12900000
2017-09-30,364700000,26500000,2017-11-01,0.8,0.77,34400000,64400000,6100000,0.7703488372093024,58300000
2017-12-31,366300000,-2300000,2018-02-12,0.74,0.73,34400000,82500000,13800000,-0.06686046511627906,68700000
2018-03-31,378500000,28200000,2018-05-03,0.82,0.79,34400000,-26100000,7300000,0.8197674418604651,-33400000
2018-06-30,407900000,36000000,2018-08-01,1.05,1.01,34400000,27600000,7900000,1.0465116279069768,19700000
2018-09-30,390900000,31500000,2018-11-02,0.99,0.95,34400000,65100000,8900000,0.9156976744186046,56200000
2018-12-31,387600000,29100000,2019-02-07,0.88,0.87,34300000,102800000,12500000,0.8483965014577259,90300000
2019-03-31,388700000,31000000,2019-05-02,0.94,0.92,34200000,-24200000,6900000,0.9064327485380117,-31100000
2019-06-30,416800000,36400000,2019-07-31,1.09,1.09,34200000,43900000,7400000,1.064327485380117,36500000
2019-09-30,394700000,32300000,2019-10-30,1.04,1.03,34200000,75200000,4800000,0.9444444444444444,70400000
2019-12-31,400300000,31800000,2020-02-10,1.0,0.99,34100000,99100000,10100000,0.9325513196480938,89000000
2020-03-31,382600000,32000000,2020-05-06,0.95,0.87,34100000,-900000,8900000,0.9384164222873901,-9800000
2020-06-30,338700000,20200000,2020-08-03,0.74,0.39,34000000,48200000,14900000,0.5941176470588235,33300000
2020-09-30,383900000,32900000,2020-11-04,1.05,0.87,33900000,80100000,10000000,0.9705014749262537,70100000
2020-12-31,403400000,29200000,2021-02-10,1.15,1.01,33900000,101400000,10000000,0.8613569321533924,91400000
2021-03-31,413300000,41700000,2021-05-04,1.24,1.0,33900000,33900000,4900000,1.2300884955752212,29000000
2021-06-30,467000000,37500000,2021-08-04,1.48,1.28,33900000,39300000,8100000,1.1061946902654867,31200000
2021-09-30,455000000,46400000,2021-11-03,1.39,1.29,33900000,61700000,6600000,1.368731563421829,55100000
2021-12-31,473900000,40100000,2022-02-09,1.42,1.33,33900000,45900000,7100000,1.182890855457227,38800000
2022-03-31,463200000,54500000,2022-05-03,1.63,1.37,33800000,-2000000,5600000,1.6124260355029585,-7600000
2022-06-30,526600000,69700000,2022-08-03,2.11,1.63,33600000,46900000,7500000,2.074404761904762,39400000
2022-09-30,487800000,58700000,2022-11-02,1.79,1.55,33500000,41400000,7100000,1.7522388059701492,34300000
2022-12-31,501900000,68600000,2023-02-08,1.6,1.53,33500000,137700000,7900000,2.047761194029851,129800000
2023-03-31,471700000,64700000,2023-05-03,1.92,1.64,33500000,33400000,5100000,1.9313432835820896,28300000
2023-06-30,532800000,75900000,2023-08-02,2.34,2.04,33600000,67100000,6500000,2.2589285714285716,60600000
2023-09-30,504300000,65800000,2023-11-01,2.04,1.83,33500000,100400000,7400000,1.964179104477612,93000000
2023-12-31,547500000,55700000,2024-02-12,1.97,1.78,33500000,109900000,10700000,1.662686567164179,99200000
2024-03-31,570900000,72600000,2024-05-08,2.33,2.1,33500000,45600000,10100000,2.1671641791044776,35500000
2024-06-30,597300000,82000000,2024-08-07,2.46,2.33,33500000,85300000,6800000,2.4477611940298507,78500000
2024-09-30,543600000,69100000,2024-10-30,2.03,1.99,33500000,90700000,6400000,2.062686567164179,84300000
2024-12-31,540400000,67600000,2025-02-10,2.02,1.87,33500000,139500000,12000000,2.017910447761194,127500000
2025-03-31,558000000,74000000,2025-05-07,2.37,2.13,33500000,55200000,9600000,2.208955223880597,45600000
2025-06-30,643700000,100900000,2025-08-06,3.09,2.63,33500000,69700000,10200000,3.011940298507463,59500000
2025-09-30,611700000,82200000,2025-10-29,2.5,2.26,33500000,122400000,11500000,2.453731343283582,110900000
