fiscalDateEnding,totalRevenue,netIncome,reportedDate,reportedEPS,estimatedEPS,commonStockSharesOutstanding,operatingCashflow,capitalExpenditures,eps_computed_simple,freeCashFlow
2006-09-30,1140400000,258100000,2006-10-23,0.34,0.28,764000000,295700000,43200000,0.33782722513089003,252500000
2006-12-31,1173200000,217200000,2007-01-31,0.28,0.26,783300000,331300000,44700000,0.27728839525086174,286600000
2007-03-31,1131000000,193200000,2007-04-24,0.25,0.25,783300000,287100000,33500000,0.24664879356568364,253600000
2007-06-30,1202900000,204500000,2007-07-24,0.26,0.26,779000000,200000000,35200000,0.2625160462130937,164800000
2007-09-30,1257200000,216300000,2007-10-23,0.28,0.28,767400000,396200000,53600000,0.2818608287724785,342600000
2007-12-31,1309100000,243300000,2008-01-31,0.32,0.31,756800000,220200000,69800000,0.32148520084566595,150400000
2008-03-31,1265900000,207100000,2008-04-22,0.29,0.28,756800000,318000000,16400000,0.2736522198731501,301600000
2008-06-30,1347100000,231500000,2008-07-22,0.33,0.31,747500000,242300000,23400000,0.3096989966555184,218900000
2008-09-30,1377400000,240800000,2008-10-21,0.33,0.34,737200000,365000000,16400000,0.32664134563212155,348600000
2008-12-31,1291600000,239600000,2009-02-05,0.37,0.34,708000000,328600000,14700000,0.3384180790960452,313900000
2009-03-31,1201200000,223900000,2009-04-21,0.32,0.27,708000000,356600000,12600000,0.31624293785310736,344000000
2009-06-30,1254300000,220200000,2009-07-21,0.31,0.3,702700000,249700000,24100000,0.3133627437028604,225600000
2009-09-30,1314100000,181000000,2009-10-20,0.33,0.32,701600000,351700000,27000000,0.257981755986317,324700000
2009-12-31,1314000000,223700000,2010-02-03,0.32,0.32,684200000,260100000,50200000,0.32695118386436717,209900000
2010-03-31,1232700000,207900000,2010-04-27,0.3,0.3,684200000,74400000,14700000,0.30385852090032156,59700000
2010-06-30,1273400000,221000000,2010-07-27,0.36,0.32,671600000,251700000,28900000,0.329064919594997,222800000
2010-09-30,1329600000,238400000,2010-10-26,0.37,0.35,661300000,383800000,44200000,0.36050204143354,339600000
2010-12-31,1357000000,242600000,2011-02-01,0.38,0.35,652100000,284500000,25900000,0.37202882993405917,258600000
2011-03-31,1283000000,210200000,2011-04-26,0.35,0.34,652100000,251600000,21900000,0.32234319889587487,229700000
2011-06-30,1366300000,263200000,2011-07-26,0.42,0.37,635800000,254700000,53500000,0.41396665618118905,201200000
2011-09-30,1410800000,239700000,2011-10-25,0.4,0.39,627100000,376500000,48900000,0.3822356880880242,327600000
2011-12-31,1431300000,452300000,2012-02-07,0.39,0.4,621900000,292100000,38200000,0.7272873452323525,253900000
2012-03-31,1393400000,247300000,2012-04-24,0.4,0.4,621900000,215000000,75800000,0.3976523556841936,139200000
2012-06-30,1425100000,271200000,2012-07-24,0.46,0.43,613100000,230700000,45500000,0.4423421954004241,185200000
2012-09-30,1421600000,269500000,2012-10-30,0.46,0.45,604200000,413900000,61800000,0.4460443561734525,352100000
2012-12-31,1424700000,237900000,2013-02-12,0.42,0.35,590200000,325700000,85100000,0.40308370044052866,240600000
2013-03-31,1325400000,212000000,2013-04-30,0.38,0.32,569700000,237300000,37900000,0.3721256801825522,199400000
2013-06-30,1385900000,198600000,2013-07-30,0.36,0.34,558300000,240200000,68800000,0.35572272971520685,171400000
2013-09-30,1408800000,214400000,2013-10-29,0.39,0.35,555800000,333400000,59500000,0.3857502698812523,273900000
2013-12-31,1421900000,173400000,2014-02-11,0.31,0.32,555000000,277700000,75100000,0.3124324324324324,202600000
2014-03-31,1350800000,203000000,2014-05-01,0.37,0.35,549200000,196800000,45600000,0.3696285506190823,151200000
2014-06-30,1405600000,193800000,2014-07-31,0.36,0.36,539900000,253300000,50700000,0.35895536210409335,202600000
2014-09-30,1440900000,234100000,2014-10-30,0.44,0.38,531200000,325200000,33000000,0.4407003012048193,292200000
2014-12-31,1409900000,221500000,2015-02-10,0.42,0.34,526900000,270600000,49700000,0.42038337445435564,220900000
2015-03-31,1320900000,203900000,2015-04-30,0.39,0.38,525200000,211800000,44400000,0.3882330540746382,167400000
2015-06-30,1383600000,189300000,2015-07-30,0.41,0.39,519800000,253900000,78000000,0.3641785302039246,175900000
2015-09-30,1399200000,232300000,2015-10-29,0.45,0.44,513200000,338500000,84300000,0.45265003897116135,254200000
2015-12-31,1380000000,212300000,2016-02-09,0.42,0.42,508600000,266900000,59800000,0.41742036964215495,207100000
2016-03-31,1297700000,185700000,2016-05-03,0.37,0.38,503200000,212700000,47900000,0.3690381558028617,164800000
2016-06-30,1375700000,205600000,2016-08-03,0.44,0.4,493000000,272900000,60800000,0.41703853955375253,212100000
2016-09-30,1377800000,216900000,2016-11-01,0.44,0.44,490300000,336300000,68300000,0.4423822149704263,268000000
2016-12-31,1371700000,-355000000,2017-02-09,0.47,0.43,483600000,220000000,52800000,-0.7340777502067825,167200000
2017-03-31,1302400000,161700000,2017-05-02,0.35,0.39,483400000,86300000,26400000,0.3345055854364915,59900000
2017-06-30,1378900000,166500000,2017-08-03,0.5,0.41,472000000,-110300000,48900000,0.3527542372881356,-159200000
2017-09-30,1404700000,235600000,2017-11-02,0.53,0.45,465400000,447100000,47200000,0.5062311989686291,399900000
2017-12-31,1438300000,-1120900000,2018-02-13,0.41,0.45,459600000,312700000,54600000,-2.438859878154917,258100000
2018-03-31,1389400000,213600000,2018-05-01,0.45,0.42,463600000,132700000,37200000,0.46074201898188094,95500000
2018-06-30,1411100000,217600000,2018-08-02,0.46,0.47,459600000,166000000,53300000,0.4734551784160139,112700000
2018-09-30,1387800000,208600000,2018-11-01,0.52,0.48,449000000,219800000,157600000,0.4645879732739421,62200000
2018-12-31,1401600000,212100000,2019-02-07,0.49,0.49,445400000,302800000,90900000,0.4762011674898967,211900000
2019-03-31,1337000000,173100000,2019-05-07,0.41,0.43,439900000,239600000,37600000,0.3934985223914526,202000000
2019-06-30,1340500000,614800000,2019-08-01,0.45,0.6,432300000,163000000,37400000,1.4221605366643535,125600000
2019-09-30,1306900000,135000000,2019-10-31,0.49,0.46,426800000,262700000,18500000,0.31630740393626994,244200000
2019-12-31,1307700000,135400000,2020-02-11,0.38,0.43,424700000,249300000,34200000,0.31881327996232633,215100000
2020-03-31,1190000000,176700000,2020-05-05,0.44,0.41,418300000,112400000,35700000,0.4224240975376524,76700000
2020-06-30,1114700000,161900000,2020-08-04,0.41,0.35,413600000,235400000,48500000,0.3914410058027079,186900000
2020-09-30,1258500000,228600000,2020-10-29,0.57,0.46,414600000,237800000,22100000,0.5513748191027497,215700000
2020-12-31,1271800000,177100000,2021-02-10,0.45,0.42,414500000,291900000,50500000,0.4272617611580217,241400000
2021-03-31,1210000000,181800000,2021-05-04,0.44,0.44,414300000,175800000,96900000,0.4388124547429399,78900000
2021-06-30,1289700000,222500000,2021-08-04,0.48,0.48,411500000,173700000,48400000,0.5407047387606319,125300000
2021-09-30,1286300000,232700000,2021-11-02,0.63,0.58,408000000,336500000,34900000,0.5703431372549019,301600000
2021-12-31,1284800000,168800000,2022-02-10,0.64,0.52,401700000,359300000,11300000,0.4202140901170027,348000000
2022-03-31,1155700000,293300000,2022-04-28,0.51,0.43,394500000,200000000,29800000,0.7434727503168568,170200000
2022-06-30,1138300000,194000000,2022-08-03,0.51,0.41,387600000,106800000,54500000,0.500515995872033,52300000
2022-09-30,1089600000,173900000,2022-11-01,0.42,0.42,387600000,215600000,63200000,0.4486584107327141,152400000
2022-12-31,1091900000,249400000,2023-02-07,0.32,0.35,383900000,59200000,60700000,0.6496483459234176,-1500000
2023-03-31,1036900000,151800000,2023-05-02,0.43,0.34,375500000,137300000,57400000,0.40426098535286287,79900000
2023-06-30,1170000000,176200000,2023-07-26,0.51,0.39,375600000,126700000,32700000,0.4691160809371672,94000000
2023-09-30,1097800000,171000000,2023-10-25,0.43,0.39,375000000,254600000,27100000,0.456,227500000
2023-12-31,1052300000,127000000,2024-02-06,0.37,0.37,361100000,264500000,30600000,0.3517031293270562,233900000
2024-03-31,1049100000,142700000,2024-04-24,0.45,0.41,345700000,94000000,35100000,0.4127856522996818,58900000
2024-06-30,1066400000,141000000,2024-07-30,0.44,0.45,339600000,-33800000,29400000,0.41519434628975266,-63200000
2024-09-30,1036000000,264800000,2024-10-23,0.46,0.44,339500000,212100000,27300000,0.7799705449189985,184800000
2024-12-31,1058200000,385700000,2025-02-04,0.4,0.42,341100000,134000000,38800000,1.1307534447376135,95200000
2025-03-31,983600000,123500000,2025-04-23,0.41,0.41,339200000,148200000,24400000,0.36409198113207547,123800000
2025-06-30,1026100000,122100000,2025-07-28,0.42,0.44,329600000,-300000,7500000,0.3704490291262136,-7800000
2025-09-30,1032600000,139600000,2025-10-22,0.47,0.43,330500000,260400000,89800000,0.4223903177004539,170600000
