fiscalDateEnding,totalRevenue,netIncome,reportedDate,reportedEPS,estimatedEPS,commonStockSharesOutstanding,operatingCashflow,capitalExpenditures,eps_computed_simple,freeCashFlow
2005-09-30,5432000000,285000000,2005-10-21,0.37,0.38,614224138,425000000,253000000,0.46399999994790175,172000000
2005-12-31,5783000000,-211000000,2006-02-03,0.37,0.25,620770505,884000000,320000000,-0.33990016970925513,564000000
2006-03-31,4452000000,-580000000,2006-04-26,0.26,0.33,617425000,-301000000,214000000,-0.9393853504474228,-515000000
2006-06-30,4867000000,314000000,2006-07-25,0.46,0.39,626050420,468000000,219000000,0.501557047114512,249000000
2006-09-30,4554000000,211000000,2006-10-25,0.31,0.36,615384615,136000000,155000000,0.3428750002142969,-19000000
2006-12-31,5655000000,508000000,2007-02-09,0.38,0.29,621047431,1306000000,286000000,0.8179729512479056,1020000000
2007-03-31,2665000000,755000000,2007-05-04,0.08,0.13,583105000,-284000000,170000000,1.2947925330772332,-454000000
2007-06-30,4334000000,32000000,2007-08-03,0.19,0.16,533333333,265000000,189000000,0.0600000000375,76000000
2007-09-30,2797000000,101000000,2007-10-31,0.22,0.2,537885000,105000000,119000000,0.18777247924742277,-14000000
2007-12-31,3937000000,-98000000,2008-02-08,0.17,0.14,527840000,547000000,402000000,-0.18566232191573204,145000000
2008-03-31,2042000000,-148000000,2008-05-02,-0.09,-0.08,527987500,-285000000,169000000,-0.28030966642202704,-454000000
2008-06-30,2174000000,-96000000,2008-08-05,0.01,-0.08,528155000,219000000,180000000,-0.18176482282663234,39000000
2008-09-30,2107000000,280000000,2008-10-31,0.5233,-0.02,528210000,-82000000,129000000,0.5300921981787546,-211000000
2008-12-31,1695000000,-1212000000,2009-02-06,-0.39,-0.23,528227500,-1186000000,130000000,-2.294465926139779,-1316000000
2009-03-31,1275000000,-264000000,2009-05-05,-0.27,-0.31,528245000,-436000000,78000000,-0.49976810002934247,-514000000
2009-06-30,1391000000,-382000000,2009-07-31,-0.23,-0.27,528320000,126000000,40000000,-0.723046638400969,86000000
2009-09-30,1407000000,-5000000,2009-10-30,-0.1,-0.19,528392500,34000000,69000000,-0.009462662698656775,-35000000
2009-12-31,1455000000,-175000000,2010-02-05,-0.21,-0.15,571276786,114000000,52000000,-0.30633136911675596,62000000
2010-03-31,1419000000,-20000000,2010-04-29,-0.03,-0.1,528600000,190000000,68000000,-0.037835792659856225,122000000
2010-06-30,1641000000,14000000,2010-07-30,0.2,0.11,530257500,243000000,50000000,0.026402266823194392,193000000
2010-09-30,1514000000,1116000000,2010-10-29,0.25,0.09,533116509,118000000,54000000,2.093351042708002,64000000
2010-12-31,1664000000,171000000,2011-02-04,0.1,0.06,535975518,193000000,115000000,0.3190444232193456,78000000
2011-03-31,1422000000,99000000,2011-04-29,0.1832,0.12,540476000,-109000000,47000000,0.18317187072136412,-156000000
2011-06-30,1610000000,10000000,2011-07-29,0.06,0.08,541095000,116000000,46000000,0.018481043070070875,70000000
2011-09-30,1569000000,157000000,2011-10-28,0.12,0.11,539827000,137000000,66000000,0.2908339153099048,71000000
2011-12-31,1615000000,65000000,2012-02-03,0.14,0.07,538119000,147000000,82000000,0.12079112612637725,65000000
2012-03-31,1494000000,41000000,2012-04-27,0.02,,539728000,-60000000,64000000,0.07596418936946017,-124000000
2012-06-30,1793000000,84000000,2012-07-27,0.09,0.1,540033000,267000000,75000000,0.15554604996361335,192000000
2012-09-30,1772000000,117000000,2012-10-26,0.22,0.18,542311000,122000000,80000000,0.215743364969547,42000000
2012-12-31,2000000000,143000000,2013-01-25,0.26,0.2,547137000,252000000,59000000,0.2613605002037881,193000000
2013-03-31,1951000000,144000000,2013-04-26,0.26,0.22,550785000,-61000000,35000000,0.2614450284593807,-96000000
2013-06-30,1874000000,198000000,2013-07-26,0.35,0.3,557588000,374000000,47000000,0.35510089887156826,327000000
2013-09-30,1857000000,167000000,2013-10-25,0.27,0.22,587179000,343000000,69000000,0.2844107163233017,274000000
2013-12-31,2256000000,54000000,2014-01-31,0.27,0.28,588616000,348000000,110000000,0.09174062546719763,238000000
2014-03-31,1736000000,194000000,2014-04-25,0.26,0.24,589312000,109000000,51000000,0.3291974370112945,58000000
2014-06-30,1964000000,291000000,2014-08-01,0.4,0.35,589766000,322000000,83000000,0.4934160327994493,239000000
2014-09-30,1915000000,1164000000,2014-10-31,0.33,0.29,536012000,353000000,105000000,2.171593173287165,248000000
2014-12-31,1788000000,177000000,2015-01-30,0.27,0.29,529411000,304000000,115000000,0.33433381625995684,189000000
2015-03-31,1727000000,101000000,2015-05-01,0.19,0.25,527423000,77000000,103000000,0.1914971474509075,-26000000
2015-06-30,1345000000,144000000,2015-07-31,0.26,0.2,519804000,366000000,99000000,0.27702749497887663,267000000
2015-09-30,1355000000,191000000,2015-10-30,0.35,0.27,517088000,282000000,108000000,0.36937619902221674,174000000
2015-12-31,1734000000,70000000,2016-02-05,0.24,0.24,514167000,339000000,169000000,0.13614253734681533,170000000
2016-03-31,1405000000,81000000,2016-05-06,0.24,0.2,634872000,47000000,79000000,0.12758477299361132,-32000000
2016-06-30,1655000000,168000000,2016-08-05,0.17,0.19,747701000,492000000,103000000,0.22468874590243962,389000000
2016-09-30,1709000000,227000000,2016-10-28,0.23,0.22,754044000,347000000,131000000,0.30104344043583664,216000000
2016-12-31,1596000000,551000000,2017-02-03,0.14,0.15,752768000,-151000000,207000000,0.7319652270022106,-358000000
2017-03-31,1693000000,157000000,2017-04-28,0.22,0.19,754747000,35000000,75000000,0.208016726134718,-40000000
2017-06-30,1808000000,24000000,2017-07-28,0.28,0.27,756451000,489000000,87000000,0.03172710459765404,402000000
2017-09-30,1872000000,130000000,2017-10-27,0.34,0.32,756903000,323000000,97000000,0.17175252311062317,226000000
2017-12-31,1823000000,271000000,2018-02-02,0.31,0.35,758463000,354000000,160000000,0.3573015427252219,194000000
2018-03-31,1865000000,269000000,2018-04-27,0.36,0.34,759462000,136000000,81000000,0.3541981033942449,55000000
2018-06-30,2065000000,317000000,2018-07-27,0.44,0.43,760533000,597000000,97000000,0.4168129456578479,500000000
2018-09-30,1910000000,255000000,2018-10-26,0.28,0.37,757389000,87000000,105000000,0.33668299909293636,-18000000
2018-12-31,1636000000,-93000000,2019-02-01,0.1,0.12,750025000,292000000,144000000,-0.12399586680443986,148000000
2019-03-31,1643000000,-289000000,2019-04-26,0.11,0.09,746603000,-14000000,59000000,-0.38708657747156117,-73000000
2019-06-30,1692000000,128000000,2019-07-26,0.16,0.1,746232000,396000000,84000000,0.1715284254762594,312000000
2019-09-30,1671000000,99000000,2019-10-25,0.08,0.1,746514000,292000000,98000000,0.13261640103199673,194000000
2019-12-31,1548000000,-14000000,2020-01-31,0.03,0.05,745886000,292000000,143000000,-0.01876962431256251,149000000
2020-03-31,1728000000,150000000,2020-05-01,0.18,0.13,747155000,86000000,68000000,0.200761555500532,18000000
2020-06-30,1631000000,72000000,2020-07-31,0.11,0.01,746984000,391000000,66000000,0.09638760669572574,325000000
2020-09-30,2110000000,283000000,2020-10-30,0.52,0.46,748450000,608000000,65000000,0.3781147705257532,543000000
2020-12-31,2063000000,292000000,2021-01-29,0.48,0.48,749004000,444000000,507000000,0.3898510555350839,-63000000
2021-03-31,2506000000,681000000,2021-04-30,0.91,0.92,750024000,698000000,53000000,0.9079709449297623,645000000
2021-06-30,3144000000,1028000000,2021-07-30,1.37,1.39,751508000,1308000000,221000000,1.367916243073926,1087000000
2021-09-30,2345000000,482000000,2021-10-29,0.6,0.56,751443000,659000000,98000000,0.6414325504396209,561000000
2021-12-31,2206000000,416000000,2022-01-28,0.49,0.48,750935000,494000000,218000000,0.553976043199478,276000000
2022-03-31,3112000000,771000000,2022-04-29,1.31,1.23,748823000,957000000,88000000,1.0296158104118063,869000000
2022-06-30,2973000000,788000000,2022-07-29,1.06,0.98,745582000,1146000000,346000000,1.056892467897562,800000000
2022-09-30,2276000000,310000000,2022-10-27,0.42,0.37,740975000,562000000,97000000,0.41836769121765244,465000000
2022-12-31,1823000000,11000000,2023-01-26,0.24,0.18,749496000,167000000,232000000,0.014676529294352472,-65000000
2023-03-31,1881000000,151000000,2023-04-27,0.21,0.12,733546000,126000000,71000000,0.20584939458466137,55000000
2023-06-30,1997000000,230000000,2023-07-27,0.32,0.21,732362000,496000000,83000000,0.3140523402361127,413000000
2023-09-30,2022000000,239000000,2023-10-26,0.33,0.34,731742000,523000000,167000000,0.3266178516471653,356000000
2023-12-31,1774000000,219000000,2024-01-25,0.16,0.14,731277000,288000000,359000000,0.29947612190729367,-71000000
2024-03-31,1796000000,114000000,2024-04-25,0.16,0.15,730558000,124000000,79000000,0.15604510524831705,45000000
2024-06-30,1939000000,173000000,2024-07-25,0.21,0.21,729341000,432000000,144000000,0.2372004316225195,288000000
2024-09-30,1681000000,28000000,2024-10-24,0.05,0.01,728180000,234000000,179000000,0.03845203109121371,55000000
2024-12-31,1708000000,81000000,2025-01-30,0.11,0.07,727776000,218000000,265000000,0.11129798179659675,-47000000
2025-03-31,1763000000,83000000,2025-04-24,0.11,0.1,726566000,70000000,97000000,0.11423600884159181,-27000000
2025-06-30,1884000000,87000000,2025-07-24,0.12,0.09,723927000,396000000,108000000,0.12017786323759164,288000000
2025-09-30,1766000000,80000000,2025-10-30,0.06,-0.08,722012000,210000000,125000000,0.11080148252383618,85000000
