fiscalDateEnding,totalRevenue,netIncome,reportedDate,reportedEPS,estimatedEPS,commonStockSharesOutstanding,operatingCashflow,capitalExpenditures,eps_computed_simple,freeCashFlow
2005-09-30,415964000,-60805000,2005-10-24,0.32,0.31,157789000,66688000,9750000,-0.3853563936649576,56938000
2005-12-31,447362000,-724000,2006-02-08,0.38,0.35,161060000,100953000,14982000,-0.004495219172979014,85971000
2006-03-31,430996000,50004000,2006-05-03,0.33,0.32,161060000,11379000,9154000,0.31046814851608096,2225000
2006-06-30,472444000,59316000,2006-07-26,0.39,0.37,159834000,81289000,12627000,0.37111002665265214,68662000
2006-09-30,435725000,49449000,2006-11-01,0.33,0.33,157153000,66787000,13252000,0.31465514498609637,53535000
2006-12-31,471331000,64949000,2007-02-06,0.37,0.36,154564000,112400000,17581000,0.4202078103568748,94819000
2007-03-31,472864000,58472000,2007-04-30,0.38,0.36,154564000,41825000,11044000,0.37830283895344324,30781000
2007-06-30,507362000,65433000,2007-07-31,0.44,0.43,154873000,113249000,13118000,0.42249456005888697,100131000
2007-09-30,488103000,65719000,2007-10-31,0.39,0.38,154736000,101822000,14459000,0.42471693723503257,87363000
2007-12-31,541504000,70030000,2008-02-05,0.44,0.44,152983000,130801000,27207000,0.45776328088741886,103594000
2008-03-31,560782000,68180000,2008-04-30,0.45,0.43,152983000,30171000,18682000,0.4456704339697875,11489000
2008-06-30,594847000,78648000,2008-07-29,0.52,0.49,151790000,108854000,20083000,0.5181368996640094,88771000
2008-09-30,529953000,66047000,2008-10-28,0.46,0.44,151697000,97818000,18722000,0.43538764774517624,79096000
2008-12-31,508141000,70995000,2009-02-04,0.45,0.45,149705000,99138000,21430000,0.47423265755986777,77708000
2009-03-31,506949000,61743000,2009-04-30,0.43,0.43,149705000,10639000,14183000,0.41243111452523296,-3544000
2009-06-30,1065127000,70199000,2009-07-29,0.49,0.48,150057000,104721000,12032000,0.467815563419234,92689000
2009-09-30,1024678000,67483000,2009-10-28,0.44,0.44,150638000,130004000,17195000,0.4479812530702744,112809000
2009-12-31,568719000,74834000,2010-02-10,0.48,0.49,149294000,117125000,13085000,0.5012525620587566,104040000
2010-03-31,545944000,61843000,2010-04-29,0.44,0.45,149294000,36544000,8137000,0.41423633903572815,28407000
2010-06-30,565086000,72386000,2010-07-29,0.5,0.5,146939000,113924000,11015000,0.49262619182109585,102909000
2010-09-30,541815000,63653000,2010-10-28,0.45,0.45,144063000,98422000,10705000,0.4418414166024586,87717000
2010-12-31,568169000,67827000,2011-02-09,0.51,0.5,144044000,113434000,15985000,0.4708769542639749,97449000
2011-03-31,570503000,69084000,2011-04-28,0.49,0.48,144044000,44006000,12028000,0.4796034545000139,31978000
2011-06-30,609443000,74236000,2011-07-28,0.55,0.51,143373000,120958000,13642000,0.5177822881574634,107316000
2011-09-30,619759000,60597000,2011-10-27,0.46,0.43,143395000,87181000,20125000,0.42258795634436347,67056000
2011-12-31,738013000,40603000,2012-02-16,0.51,0.52,143984000,141324000,28459000,0.28199661073452603,112865000
2012-03-31,716413000,53284000,2012-05-01,0.52,0.51,143984000,19953000,18788000,0.37006889654406044,1165000
2012-06-30,762994000,80764000,2012-07-31,0.62,0.56,143863000,83442000,24386000,0.5613952162821574,59056000
2012-09-30,695734000,53364000,2012-10-25,0.51,0.5,143884000,98670000,21881000,0.37088209946901673,76789000
2012-12-31,753288000,126800000,2013-02-20,0.56,0.56,144297000,167620000,30346000,0.8787431478131909,137274000
2013-03-31,732084000,71685000,2013-05-09,0.52,0.56,145099000,36086000,24237000,0.4940419989110883,11849000
2013-06-30,761010000,87228000,2013-08-01,0.66,0.65,145133000,95782000,22877000,0.6010211323406807,72905000
2013-09-30,704018000,79851000,2013-10-29,0.57,0.56,144698000,126398000,27435000,0.551845913557893,98963000
2013-12-31,753658000,74429000,2014-02-18,0.61,0.61,145157000,159580000,26872000,0.5127482656709632,132708000
2014-03-31,730114000,72878000,2014-05-06,0.59,0.56,144453000,64565000,26627000,0.5045101174776571,37938000
2014-06-30,765225000,89993000,2014-07-31,0.69,0.68,144164000,155680000,23520000,0.6242404483782359,132160000
2014-09-30,708240000,75300000,2014-10-29,0.62,0.6,144300000,147535000,24192000,0.5218295218295218,123343000
2014-12-31,719041000,84710000,2015-02-18,0.6,0.61,143996000,192621000,31428000,0.5882802300063891,161193000
2015-03-31,656320000,64000000,2015-05-06,0.59,0.57,142800000,65631000,16421000,0.4481792717086835,49210000
2015-06-30,698006000,44100000,2015-07-30,0.73,0.69,142300000,145614000,17013000,0.30990864371047083,128601000
2015-09-30,648900000,84500000,2015-10-28,0.66,0.63,142400000,159755000,18266000,0.5933988764044944,141489000
2015-12-31,671100000,58600000,2016-02-12,0.65,0.65,142900000,126400000,20300000,0.4100769769069279,106100000
2016-03-31,772600000,125000000,2016-05-06,0.69,0.63,178400000,700000,20800000,0.7006726457399103,-20100000
2016-06-30,1022000000,105400000,2016-08-05,0.76,0.7,237400000,187400000,27000000,0.44397641112047176,160400000
2016-09-30,954200000,92500000,2016-11-04,0.66,0.63,236300000,152900000,32300000,0.3914515446466356,120600000
2016-12-31,996500000,107000000,2017-02-17,0.67,0.65,234200000,222400000,46000000,0.4568744662681469,176400000
2017-03-31,900500000,59800000,2017-05-09,0.49,0.5,234000000,82500000,35900000,0.25555555555555554,46600000
2017-06-30,992700000,-1050000000,2017-08-09,0.65,0.65,229400000,126200000,34800000,-4.577157802964255,91400000
2017-09-30,1009200000,90600000,2017-11-03,0.7,0.66,233100000,164300000,34600000,0.3886743886743887,129700000
2017-12-31,1091000000,-673400000,2018-03-01,0.82,0.81,228600000,228900000,45700000,-2.9457567804024496,183200000
2018-03-31,956100000,81200000,2018-05-06,0.45,0.42,229900000,55100000,39100000,0.3531970421922575,16000000
2018-06-30,1042100000,-1122000000,2018-08-07,0.6,0.59,225200000,116900000,47400000,-4.982238010657194,69500000
2018-09-30,928400000,28000000,2018-11-08,0.38,0.46,223700000,125600000,49600000,0.12516763522574878,76000000
2018-12-31,1059700000,1800000,2019-03-01,0.58,0.54,223500000,202200000,51900000,0.008053691275167786,150300000
2019-03-31,946200000,39200000,2019-05-03,0.49,0.39,225000000,29300000,33900000,0.17422222222222222,-4600000
2019-06-30,1009400000,36400000,2019-08-02,0.66,0.63,225700000,145100000,29600000,0.16127603012848915,115500000
2019-09-30,962100000,85000000,2019-11-07,0.57,0.5,224900000,159100000,23400000,0.377945753668297,135700000
2019-12-31,1111500000,102300000,2020-03-02,0.73,0.75,223500000,299300000,36000000,0.4577181208053691,263300000
2020-03-31,874000000,-140000000,2020-05-08,0.43,0.39,220900000,-10000000,26000000,-0.6337709370755998,-36000000
2020-06-30,491000000,-95000000,2020-08-06,-0.18,-0.02,218700000,175100000,13200000,-0.43438500228623683,161900000
2020-09-30,883000000,47000000,2020-11-05,0.67,0.32,219200000,220600000,21200000,0.21441605839416059,199400000
2020-12-31,1082300000,98500000,2021-03-01,0.87,0.64,219500000,263500000,27000000,0.44874715261959,236500000
2021-03-31,1026000000,112000000,2021-05-06,0.72,0.56,219900000,49000000,30000000,0.5093224192814916,19000000
2021-06-30,1062000000,96000000,2021-08-05,0.71,0.65,220700000,214000000,36000000,0.43497961033076576,178000000
2021-09-30,1040000000,84000000,2021-11-04,0.68,0.65,220500000,172000000,35000000,0.38095238095238093,137000000
2021-12-31,1088000000,102000000,2022-02-28,0.76,0.79,219200000,222000000,41000000,0.4653284671532847,181000000
2022-03-31,965000000,65000000,2022-05-10,0.52,0.56,219200000,93000000,44000000,0.2965328467153285,49000000
2022-06-30,1023000000,73000000,2022-08-04,0.69,0.56,214800000,173000000,41000000,0.3398510242085661,132000000
2022-09-30,947000000,-1077000000,2022-11-14,0.41,0.57,214900000,109000000,32000000,-5.011633317822243,77000000
2022-12-31,983000000,-15000000,2023-02-28,0.46,0.32,215100000,142000000,32000000,-0.0697350069735007,110000000
2023-03-31,978000000,-23000000,2023-05-03,0.39,0.34,214500000,-21000000,39000000,-0.10722610722610723,-60000000
2023-06-30,1028000000,86000000,2023-08-02,0.51,0.43,213100000,104000000,33000000,0.40356640075082123,71000000
2023-09-30,947000000,-266000000,2023-11-02,0.49,0.48,211800000,134000000,37000000,-1.2559017941454202,97000000
2023-12-31,1012000000,67000000,2024-02-29,0.44,0.43,210900000,160000000,40000000,0.3176861071597914,120000000
2024-03-31,953000000,18000000,2024-05-02,0.42,0.42,208500000,25000000,34000000,0.08633093525179857,-9000000
2024-06-30,984000000,-4000000,2024-07-31,0.49,0.5,205600000,208000000,52000000,-0.019455252918287938,156000000
2024-09-30,951000000,-494000000,2024-11-07,0.5,0.47,201000000,141000000,43000000,-2.45771144278607,98000000
2024-12-31,905000000,-430000000,2025-02-26,0.26,0.434,203200000,87000000,51000000,-2.1161417322834644,36000000
2025-03-31,879000000,20000000,2025-04-30,0.43,0.3002,199800000,7000000,19000000,0.1001001001001001,-12000000
2025-06-30,936000000,-45000000,2025-08-07,-0.23,0.5,199300000,48000000,32000000,-0.22579026593075766,16000000
2025-09-30,904000000,-427000000,2025-11-06,0.5,0.45,199500000,79000000,39000000,-2.1403508771929824,40000000
