fiscalDateEnding,totalRevenue,netIncome,reportedDate,reportedEPS,estimatedEPS,commonStockSharesOutstanding,operatingCashflow,capitalExpenditures,eps_computed_simple,freeCashFlow
2012-12-31,1176000000,-10000000,2013-03-27,0.11,0.27,500111000,310000000,45000000,-0.01999556098546123,265000000
2013-03-31,1090000000,140000000,2013-04-30,0.36,0.33,500111000,281000000,22000000,0.2799378537964572,259000000
2013-06-30,1114000000,128000000,2013-08-06,0.36,0.36,500217000,-12000000,58000000,0.25588894419821795,-70000000
2013-09-30,1103000000,131000000,2013-11-05,0.34,0.34,500354000,114000000,55000000,0.2618146352382513,59000000
2013-12-31,1254000000,105000000,2014-02-11,0.36,0.34,500586000,298000000,49000000,0.20975416811496925,249000000
2014-03-31,1097000000,155000000,2014-05-06,0.38,0.37,500702000,-23000000,45000000,0.3095653702202108,-68000000
2014-06-30,1158000000,136000000,2014-08-05,0.38,0.38,501684000,159000000,57000000,0.2710869790545443,102000000
2014-09-30,1210000000,166000000,2014-11-04,0.41,0.37,502445000,103000000,42000000,0.3303844201852939,61000000
2014-12-31,1320000000,126000000,2015-02-11,0.4,0.36,503269000,387000000,51000000,0.2503631258829771,336000000
2015-03-31,1102000000,165000000,2015-05-05,0.41,0.37,503224000,60000000,45000000,0.32788579241053684,15000000
2015-06-30,1175000000,-37000000,2015-08-04,0.43,0.38,500173000,122000000,46000000,-0.07397440485591986,76000000
2015-09-30,1214000000,189000000,2015-11-03,0.5,0.4,501653000,204000000,52000000,0.3767544497889976,152000000
2015-12-31,1274000000,22000000,2016-02-16,0.43,0.39,500639000,278000000,81000000,0.0439438397727704,197000000
2016-03-31,1162000000,204000000,2016-05-04,0.48,0.41,499539000,51000000,45000000,0.4083765231543483,6000000
2016-06-30,1208000000,224000000,2016-08-03,0.49,0.44,498800000,137000000,54000000,0.4490777866880513,83000000
2016-09-30,1241000000,239000000,2016-11-02,0.52,0.46,497900000,239000000,57000000,0.4800160674834304,182000000
2016-12-31,1277000000,154000000,2017-02-16,0.47,0.45,496638000,286000000,60000000,0.31008501161812024,226000000
2017-03-31,1231000000,238000000,2017-05-04,0.53,0.48,495300000,119000000,42000000,0.4805168584696144,77000000
2017-06-30,1269000000,247000000,2017-08-08,0.53,0.53,494000000,180000000,51000000,0.5,129000000
2017-09-30,1347000000,298000000,2017-11-02,0.65,0.62,492400000,439000000,48000000,0.6051990251827782,391000000
2017-12-31,1460000000,81000000,2018-02-15,0.69,0.66,491022000,608000000,83000000,0.16496205872649292,525000000
2018-03-31,1366000000,352000000,2018-05-02,0.75,0.69,489800000,389000000,53000000,0.7186606778276847,336000000
2018-06-30,1415000000,384000000,2018-08-02,0.77,0.7,487500000,267000000,73000000,0.7876923076923077,194000000
2018-09-30,1480000000,347000000,2018-11-01,0.83,0.77,485800000,550000000,74000000,0.7142857142857143,476000000
2018-12-31,1564000000,345000000,2019-02-14,0.79,0.77,484479000,584000000,138000000,0.7121051686450806,446000000
2019-03-31,1455000000,312000000,2019-05-02,0.88,0.79,483100000,389000000,63000000,0.6458290209066446,326000000
2019-06-30,1547000000,371000000,2019-08-06,0.9,0.82,482300000,318000000,103000000,0.7692307692307693,215000000
2019-09-30,1584000000,433000000,2019-11-07,0.94,0.88,481500000,506000000,128000000,0.8992731048805815,378000000
2019-12-31,1674000000,384000000,2020-02-13,0.92,0.88,480200000,582000000,166000000,0.7996668054977093,416000000
2020-03-31,1534000000,423000000,2020-05-06,0.95,0.86,479000000,408000000,94000000,0.8830897703549061,314000000
2020-06-30,1548000000,377000000,2020-08-06,0.89,0.64,478100000,438000000,90000000,0.7885379627692951,348000000
2020-09-30,1786000000,479000000,2020-11-05,1.1,0.92,478500000,562000000,125000000,1.0010449320794148,437000000
2020-12-31,1807000000,359000000,2021-02-16,0.91,0.87,477900000,718000000,144000000,0.7512031805817116,574000000
2021-03-31,1871000000,559000000,2021-05-06,1.26,1.03,477900000,400000000,77000000,1.1697007742205483,323000000
2021-06-30,1948000000,512000000,2021-08-05,1.19,1.08,477000000,481000000,113000000,1.0733752620545074,368000000
2021-09-30,1990000000,552000000,2021-11-04,1.25,1.1,476300000,653000000,119000000,1.1589334453075792,534000000
2021-12-31,1967000000,414000000,2022-02-15,1.0,0.96,475600000,679000000,168000000,0.8704793944491169,511000000
2022-03-31,1986000000,595000000,2022-05-05,1.32,1.23,474100000,309000000,115000000,1.2550094916684245,194000000
2022-06-30,2052000000,529000000,2022-08-04,1.2,1.22,471500000,336000000,146000000,1.1219512195121952,190000000
2022-09-30,2002000000,529000000,2022-11-03,1.21,1.24,469100000,526000000,154000000,1.127691323811554,372000000
2022-12-31,2040000000,461000000,2023-02-14,1.15,1.05,466800000,741000000,171000000,0.9875749785775493,570000000
2023-03-31,2000000000,552000000,2023-05-04,1.31,1.26,464600000,549000000,223000000,1.188118811881188,326000000
2023-06-30,2180000000,671000000,2023-08-08,1.41,1.32,462900000,183000000,166000000,1.4495571397710088,17000000
2023-09-30,2151000000,596000000,2023-11-02,1.36,1.36,461400000,724000000,145000000,1.2917208495882098,579000000
2023-12-31,2213000000,525000000,2024-02-13,1.24,1.32,460100000,897000000,198000000,1.1410562921104108,699000000
2024-03-31,2190000000,599000000,2024-05-02,1.38,1.34,458800000,595000000,140000000,1.3055797733217087,455000000
2024-06-30,2361000000,624000000,2024-08-06,1.56,1.49,456000000,502000000,132000000,1.368421052631579,370000000
2024-09-30,2388000000,682000000,2024-11-04,1.58,1.46,453500000,951000000,167000000,1.503858875413451,784000000
2024-12-31,2317000000,581000000,2025-02-13,1.4,1.36,451100000,905000000,216000000,1.2879627577033916,689000000
2025-03-31,2220000000,631000000,2025-05-06,1.48,1.4,448000000,587000000,149000000,1.4084821428571428,438000000
2025-06-30,2460000000,718000000,2025-08-05,1.61,1.52,445500000,486000000,178000000,1.611672278338945,308000000
2025-09-30,2400000000,721000000,2025-11-03,1.7,1.64,443200000,938000000,133000000,1.6268050541516246,805000000
